3202 5318
215 280 278 365 aas
697 276 1054 351 runnxneonu.

214 416 352 493 ἐδύνατο
372 422 587 514 πραχθῆναι,
607 422 812 531 γενομέναν)
832 424 889 487 καὶ
910 415 988 498 τοὺς
979 412 1133 527 φόρους
1155 410 1196 487 oa'r
1215 409 1342 487 nolir'
1320 441 1459 511 norepor
1480 423 1545 490 διέ-

213 519 292 585 tune
311 513 519 613 dripqucc''
500 539 626 605 anepos.
646 520 702 582 καὶ
724 508 742 581 ὁ
764 514 868 598 δῆμος
891 506 1032 601 ἁθρόως
1053 536 1208 580 enarrem
1227 512 1443 595 ἐξεπεπτώκει.

300 611 437 678 Cautum
459 621 509 675 est
528 609 623 674 etiam
645 630 681 674 ea
705 608 777 695 lege
801 610 841 671 de
862 606 988 690 pascuis
1010 605 1172 682 nonnihil,
1196 619 1231 671 ut
1252 608 1408 694 colligere
1431 596 1551 675 licete

154 728 160 737 ·
215 704 291 773 Cic.
312 708 352 771 de
374 706 469 771 Orat.
493 702 544 771 11.
568 707 621 771 70.
665 703 745 769 Eius
768 705 832 767 duo
852 701 1062 788 fragmenta
1053 701 1188 788 insignia
1211 703 1309 767 edidit
1331 703 1486 789 Sigonius
1507 707 1547 769 de

213 800 294 867 Ant.
317 800 348 864 1.
371 799 431 865 lib.
454 799 503 863 11.
527 821 556 866 c.
579 801 610 864 2.
644 800 731 863 Enu.

298 895 353 959 Ex
375 893 528 977 Appiano
554 905 689 977 apparet
711 893 791 955 banc
812 892 921 975 potius
944 892 1097 957 Thorius
1119 891 1202 977 legis
1227 890 1413 955 sententiam
1435 892 1547 971 fuisse,

212 1010 253 1053 ne
274 988 412 1073 exlege
434 988 625 1073 Sempronia
647 986 867 1053 dividerentur
889 986 1023 1069 amplius
1047 986 1118 1069 agri
1140 985 1278 1069 publici,
1301 989 1357 1049 sed
1379 1007 1551 1069 possesso·

212 1083 304 1147 ribus
324 1082 582 1168 relinquerentur
605 1082 638 1145 in
661 1093 825 1165 posterum
846 1083 907 1145 sub
930 1079 1098 1166 vectigalis
1122 1082 1191 1144 sive
1213 1079 1324 1145 tributi
1345 1081 1546 1161 condicione,

213 1178 303 1263 qnod
315 1197 379 1242 uon
395 1176 428 1243 iu
442 1175 599 1241 aerarium
614 1174 778 1259 publicum
802 1173 1008 1258 redigendum
1026 1186 1127 1250 esset,
1151 1177 1206 1239 sed
1226 1174 1314 1258 plebi
1334 1173 1546 1242 divideretur.

213 1269 367 1338 Ceterum
395 1269 582 1352 dignissima
607 1281 674 1346 est,
705 1290 788 1354 quae
815 1269 962 1355 legatur,
995 1269 1313 1354 Schweighcetmeri
1340 1271 1381 1333 ad
1404 1268 1545 1355 Appiani

213 1364 240 1431 l.
261 1366 288 1435 l.
309 1365 492 1430 adnotatio:

118 1464 122 1473 '
298 1458 493 1543 „Corrupto
517 1461 602 1543 apud
627 1459 811 1542 Appianum
837 1460 966 1523 Boriue
993 1458 1111 1543 legitur
1138 1479 1202 1542 pro
1225 1458 1412 1524 turrira?
1446 1460 1543 1525 Hor·

212 1575 347 1619 manuus
367 1554 400 1619 in
421 1555 540 1640 Antip.
562 1556 665 1621 Rom.
688 1554 746 1618 lib.
771 1554 800 1618 1.
826 1554 916 1637 Opp.
941 1556 984 1618 Τ.
1008 1554 1076 1619 111.
1097 1575 1130 1636 p.
1153 1554 1228 1617 236.
1272 1551 1373 1618 Conl.
1389 1553 1543 1637 Pigbinm

211 1648 332 1715 Annal.
356 1648 490 1713 T.111.
513 1669 549 1730 p.
574 1648 633 1713 136
655 1670 726 1731 seq.
773 1647 940 1734 Sigoniunr
964 1651 1001 1712 de
1025 1660 1089 1714 aut.
1115 1648 1184 1712 Iur.
1207 1647 1283 1712 Ital.
1306 1646 1365 1712 lib.
1389 1646 1440 1711 II.
1463 1668 1495 1712 c·.
1513 1646 1543 1712 ἲ.

212 1742 464 1809 Freinshemium
487 1743 604 1826 Suppl.
627 1742 706 1806 Liv.
728 1742 826 1807 LXI.
856 1743 910 1806 37.
955 1743 1138 1807 Ernestium
1164 1742 1196 1804 in
1219 1743 1291 1807 lud.
1322 1743 1450 1828 Legum
1479 1750 1542 1805 art.

129 1872 132 1877 ,
211 1840 290 1903 Lex
311 1836 458 1903 Thoria.
481 1837 664 1903 obsecutus
695 1858 763 1901 sum
792 1848 841 1900 tot
871 1857 908 1899 ac
938 1835 1016 1900 tanti
1042 1835 1176 1901 nominis
1203 1837 1370 1901 doctorum
1400 1835 1543 1901 virorum

212 1930 412 2009 auctoritati,
441 1926 591 2019 θόριος
612 1952 674 2013 pro
697 1926 853 2021 Βόριος
872 1930 1055 1994 rescribere
1075 1929 1265 2007 iubentiunm
1290 1929 1361 1993 licet
1377 1928 1453 1993 mibi
1474 1927 1545 2013 qui·

212 2030 300 2104 dem,
324 2046 434 2089 verum
451 2037 484 2090 ut
502 2025 620 2101 fatear,
645 2023 814 2091 Ciceronis
835 2028 875 2090 de
897 2025 1024 2089 Thoria
1043 2025 1115 2110 lege
1139 2027 1241 2088 rerba
1261 2025 1292 2089 in
1312 2025 1416 2088 Bruto
1438 2045 1470 2087 c.
1489 2022 1545 2086 36.

213 2144 284 2187 cum
305 2131 495 2210 argumento
511 2118 603 2183 buius
621 2119 719 2204 legis,
742 2141 838 2204 quam
861 2114 1029 2203 Appiauus
1051 2120 1086 2182 b.
1108 2120 1133 2183 l.
1156 2130 1407 2193 commemorat,
1432 2116 1544 2181 conle-

212 2215 295 2281 renti
318 2214 461 2279 nonnihil
483 2213 690 2279 dubitationis
713 2224 915 2297 superesset,
948 2235 1051 2299 neque
1073 2214 1197 2296 penitus
1220 2212 1427 2278 satisfecisset
1445 2210 1543 2287 ratio,

212 2331 276 2396 qua
297 2308 461 2374 conciliari
483 2330 554 2371 cum
579 2306 740 2373 Cicerone
765 2308 949 2391 Appianum
970 2330 1067 2393 poste
1093 2308 1194 2372 risum
1217 2320 1285 2372 erat
1307 2306 1429 2380 doctis,
1460 2324 1544 2390 quot

211 2404 295 2480 dixi,
331 2402 423 2467 viris.
466 2402 545 2466 Vidi
572 2402 683 2465 deinde
708 2402 740 2465 in
769 2401 897 2466 diversa
920 2405 961 2465 ab
984 2402 1033 2465 bis
1063 2402 1149 2466 abire
1172 2403 1249 2467 loh.
1276 2401 1452 2475 Roaiuum,
1488 2397 1543 2483 qui

211 2498 325 2584 Antiq.
350 2498 447 2563 Rom.
468 2496 526 2562 lib.
549 2496 652 2560 VIII.
677 2518 707 2560 c.
732 2499 781 2562 10.
804 2497 907 2581 legem
927 2495 1082 2560 'l'boriam
1105 2498 1145 2559 ab
1169 2518 1223 2572 ea,
1247 2517 1331 2581 quae
1353 2497 1438 2577 apud
1461 2492 1542 2556 scri·

210 2604 337 2674 ptorem
368 2604 512 2656 nostrum
536 2591 664 2674 Spurio
686 2591 795 2655 Bora‘o
814 2591 982 2666 tribuitur,
1013 2592 1109 2674 pinne
1139 2590 1296 2654 diversaris
1321 2588 1445 2653 statuit.
1490 2590 1541 2650 Ac

211 2707 287 2750 sane
308 2685 448 2762 Cicero,
471 2707 542 2748 cum
563 2685 584 2751 l.
605 2706 637 2748 c.
661 2688 721 2768 Sp.
739 2686 911 2750 Thorium
924 2684 968 2748 ait
979 2684 1177 2769 pernicioso
1193 2688 1268 2770 lege
1282 2705 1412 2767 agrum
1427 2682 1541 2766 publi·

210 2802 291 2843 cum
311 2780 518 2865 vectigali
537 2781 717 2855 levasse,
754 2777 878 2842 videtur
907 2780 1009 2863 legem
1038 2780 1145 2843 dicere
1172 2801 1237 2844 non
1260 2780 1357 2843 modo
1381 2775 1540 2839 diversam

211 2876 251 2938 ab
273 2877 350 2951 bac,
373 2895 455 2959 quiae
470 2872 622 2956 Appiano
641 2873 694 2936 hie
714 2885 926 2948 memoratur,
950 2875 1007 2937 sed
1024 2874 1173 2938 etiamen
1191 2876 1328 2936 adverso
1347 2870 1421 2934 huic
1436 2890 1541 2952 oppo-

210 2968 321 3044 sitam,
356 2981 451 3053 atquc
473 2972 554 3033 adeo
579 2989 644 3030 earn
675 2967 796 3050 ipsam,
831 2968 919 3030 cuius
947 2968 1056 3049 paullo
1079 2966 1212 3032 inferius
1239 2965 1389 3047 Scriptor
1417 2974 1539 3039 noster,

210 3062 309 3128 tacito
329 3062 446 3127 trabum
461 3084 605 3139 nomme
629 3082 685 3146 qur
699 3084 768 3127 eam
786 3075 980 3147 rogaverat,
1004 3063 1053 3125 lus
1069 3063 1178 3126 verbis
1195 3060 1351 3134 ruenunrt
1376 3056 1542 3134 καὶτοὺς

211 3154 370 3267 pro'povc
392 3153 430 3224 ori
450 3154 534 3223 πολὺ
556 3149 694 3245 iioranor
715 3158 876 3222 διέλυσε
898 3152 1067 3247 δήμαρχος
1081 3161 1198 3244 ὲᾛτερος
1242 3153 1366 3260 Quodsi
1382 3175 1464 3218 vero
1479 3153 1542 3215 boc

209 3252 330 3335 ipsum,
356 3262 435 3314 teate
453 3249 611 3316 Cicerone
626 3265 658 3315 et
672 3262 753 3314 teste
768 3250 897 3334 antiqua
919 3252 972 3314 illa
991 3273 1088 3315 aenea
1109 3251 1235 3327 tabula,
1259 3249 1348 3311 cuius
1363 3246 1541 3333 fragmenta

211 3345 411 3431 Sigoniusl.
436 3366 467 3407 c.
491 3344 654 3421 exhibuit,
683 3355 732 3409 eat
753 3345 907 3411 Thoriae
929 3345 1006 3430 legis
1029 3357 1266 3429 argumentum,
1297 3340 1421 3406 erroris
1444 3361 1540 3425 argu·

211 3444 310 3504 endus
332 3439 419 3504 soret
439 3439 625 3521 Appianus,
650 3437 676 3501 si
697 3438 838 3519 priorem
860 3438 943 3502 illam
965 3444 1088 3525 legem,
1114 3439 1202 3503 cuius
1225 3435 1423 3503 contrarium
1448 3455 1540 3518 argu·

210 3546 348 3599 mentum
376 3546 462 3609 erat,
498 3533 631 3597 Thoria
656 3532 832 3596 tribuisset.
877 3533 945 3597 lam
968 3556 1047 3598 vero
1071 3557 1140 3596 cum
1163 3533 1326 3608 Borium,
1359 3552 1424 3594 non
1453 3531 1537 3594 'lbo-

209 3628 320 3705 rium,
354 3626 474 3712 prioris
504 3626 586 3713 legis
615 3639 777 3690 auctorem
807 3629 1002 3709 exenrplaria
1034 3628 1139 3692 omnia
1169 3627 1310 3709 Appiani
1344 3634 1537 3710 agnoscant;

209 3735 339 3810 potest,
370 3722 493 3801 fateor,
523 3734 554 3786 et
579 3722 764 3805 ceteroquin
789 3732 909 3785 temere
930 3724 1048 3786 sactum
1074 3722 1189 3798 videri,
1219 3733 1250 3783 et
1273 3721 1305 3784 iu
1325 3719 1428 3802 ipsum
1452 3716 1536 3782 Scri·

208 3832 336 3903 ptorem
357 3829 501 3880 nostrum
522 3814 692 3891 iniuriose,
717 3816 804 3898 quod
828 3817 856 3880 ei
875 3829 985 3879 contra
1006 3817 1161 3881 librorum
1181 3816 1318 3880 omniurn
1338 3812 1432 3875 fidem
1455 3810 1536 3874 eius·

210 3914 298 3979 modi
318 3910 476 3994 scriptura
505 3911 711 3984 obtrudatur,
747 3931 828 3994 quae
858 3930 927 3972 curn
956 3910 1124 3973 manifesto
1148 3909 1380 3993 propemodum
1404 3927 1534 3980 errore,

210 4030 274 4073 nou
300 4005 522 4080 librariorum,
557 4006 613 4066 sed
639 4004 737 4085 ipsius
763 4003 959 4086 Scriptoris,
995 4005 1163 4068 coniuncta
1189 4025 1258 4067 esse
1291 4001 1449 4069 videatur.
1503 4000 1540 4064 ln

210 4124 305 4187 quam
336 4098 521 4165 senteutiam
548 4098 692 4183 graviter
720 4110 751 4161 et
776 4100 898 4162 erudite
931 4098 1104 4181 disputavit
1136 4099 1253 4162 Alex.
1288 4094 1539 4176 Symmachus

210 4193 472 4270 Mazocbius,
507 4192 539 4256 in
561 4195 794 4258 Commentar.
823 4193 859 4254 iu
884 4194 1034 4257 Tabulas
1057 4195 1302 4258 Heracleensea
1323 4212 1359 4272 p.
1384 4191 1447 4252 316
1469 4210 1538 4272 seq.

209 4311 274 4354 uon
297 4289 503 4352 dubitandum
526 4286 726 4362 existimaus,
757 4287 972 4368 posteriorem
996 4288 1084 4350 istam
1106 4291 1228 4370 legem,
1259 4288 1378 4367 absque
1399 4280 1539 4346 numeria

210 4385 337 4446 nominc
366 4382 515 4465 deinceps
546 4383 585 4444 ab
614 4382 764 4463 Appiano
796 4393 1097 4456 commemoratam,
1129 4381 1229 4463 ipsam
1254 4379 1424 4444 Thorium
1453 4398 1537 4452 esse,

210 4479 355 4560 adeoque
378 4477 535 4540 immerito
558 4486 590 4539 et
605 4474 788 4558 importune
807 4497 824 4537 a
842 4475 918 4539 viris
941 4477 1043 4539 doctis
1063 4474 1132 4550 hic,
1156 4475 1212 4537 ubi
1227 4476 1266 4536 de
1282 4472 1386 4555 priori
1405 4474 1538 4555 quadarn

209 4569 282 4653 lege
306 4569 459 4632 contrarii
481 4571 660 4655 argumenti
684 4569 808 4654 agitur,
834 4568 958 4635 Tlmrii
971 4590 1085 4633 nomen
1106 4569 1137 4630 iu
1160 4569 1265 4632 loetum
1287 4565 1387 4633 Borii
1410 4563 1537 4630 obtrudi

210 4661 377 4744 Appiano.
421 4665 503 4741 Sed,
538 4664 691 4749 quidquid
711 4668 749 4727 de
771 4664 835 4727 hnc
859 4674 998 4738 statuas,
1029 4662 1143 4747 quodsi
1168 4683 1209 4725 ex
1235 4661 1362 4727 Rosino
1386 4660 1440 4723 vel
1461 4661 1535 4724 Ma·

209 4755 327 4823 aochio
349 4777 502 4841 quaeras,
525 4759 669 4841 quisnam
689 4778 770 4881 ergo
789 4757 831 4821 ait
851 4752 1026 4845 Stolone
1047 4754 1100 4821 bie
1121 4751 1301 4847 deenc,
1325 4757 1367 4819 ad
1387 4776 1482 4839 quem
1504 4754 1535 4817 ia
