3202 5318
405 329 608 427 nnonx
628 332 978 407 ronuunnnnn.
1171 274 1176 291 ⁸
1315 336 1434 406 en-

143 480 305 549 Fecisse
327 478 476 544 videri.
521 479 673 545 Formula
694 477 839 545 testinme
863 481 929 545 Iste
950 488 1056 544 vester
1075 479 1182 558 testis,
1205 478 1260 564 qni
1274 500 1375 545 -eusus

56 588 105 641 est
135 575 255 650 dicere,
290 574 442 638 secisse
465 573 592 636 videri
615 596 704 647 erim,
740 577 779 637 de
809 596 894 658 quo,
925 594 965 638 ne
996 571 1086 637 cuius
1110 572 1157 637 rei
1186 585 1377 659 argueretur

55 671 200 757 quidem,
224 668 309 732 scire
335 667 494 750 potuisset
515 679 579 730 cet.
613 689 674 749 pro
698 667 835 732 Caecina
858 669 920 744 25,
945 667 998 730 73.

128 763 344 836 ,Felieiter
366 762 440 825 tibi
462 783 529 824 rem
552 761 642 824 istam
663 762 827 826 evenire
850 761 982 843 cupio.
1007 762 1047 824 ad
1061 762 1152 826 Fam.
1177 762 1234 838 16,
1259 761 1318 839 ol,
1342 764 1377 827 7.

54 857 128 926 co.
163 861 203 921 ad
224 859 318 923 Fam.
349 857 386 931 9,
418 855 519 943 8,οι
552 854 784 957 Μίςιιιὶοιιοιιι
812 868 843 920 et
870 855 1062 938 emptionem
1090 853 1167 919 tibi
1192 854 1378 921 feliciter

52 951 222 1018 evenire
244 953 355 1016 volo.
822 952 825 959 ’

135 1047 271 1110 Fenus
290 1032 352 1110 'tuit
373 1043 518 1108 bessibus
540 1065 582 1108 ex
602 1043 729 1108 triente.
764 1045 803 1107 ad
825 1042 868 1125 Q.
889 1044 949 1108 Fr.
972 1044 1010 1121 2,
1037 1044 1095 1120 15,
1119 1047 1152 1108 d.

136 1141 265 1207 Ferre
287 1143 335 1203 ad
355 1139 522 1221 plebem.
562 1141 608 1202 L.
632 1137 797 1214 Tubulus,
821 1159 892 1201 eum
910 1150 1043 1221 praetor
1065 1139 1282 1224 quaestionem
1296 1137 1380 1203 iuter

54 1235 191 1300 sicarios
213 1233 427 1308 exercuisset,
457 1234 501 1297 ita
525 1243 634 1314 aperte
659 1231 743 1314 cepit
769 1233 917 1314 pecunias
944 1235 987 1297 eb
1009 1252 1077 1295 rem
1098 1232 1326 1311 iudicandam...
1344 1241 1380 1295 ut

52 1350 137 1393 anno
151 1329 302 1411 proximo
320 1328 362 1391 P.
380 1326 536 1391 Scaevola
553 1326 698 1390 tribunus
719 1326 766 1408 pl.
788 1327 919 1392 ferret
940 1330 986 1392 ad
1002 1330 1182 1412 plebem,
1206 1326 1395 1417 Vellentne·
1422 1340 1433 1371 Ι

59 1425 98 1485 de
122 1443 157 1486 es
178 1443 214 1505 rc
234 1421 355 1508 quaeri.
392 1423 429 1483 de
452 1421 546 1485 Finn.
571 1420 608 1496 2,
633 1421 692 1496 16,
717 1421 770 1484 bd.

144 1515 271 1580 Ferre
298 1518 445 1579 tribus.
481 1537 543 1599 pro
568 1514 703 1578 Plancio
732 1514 791 1589 22,
823 1516 876 1581 53.
920 1515 1068 1599 Philipp.
1099 1517 1157 1593 11,
1184 1515 1224 1595 8,
1254 1516 1308 1580 18.
1338 1549 1381 1563 —·

61 1607 226 1674 Tribum
249 1631 336 1673 suam
359 1630 438 1673 nou
459 1608 575 1672 tulit:
599 1608 775 1673 Palatinam
797 1610 988 1693 perdidit.
1012 1632 1074 1692 pro
1097 1608 1202 1675 Sestio
1224 1609 1283 1688 53,
1307 1610 1382 1675 tlt.

60 1702 161 1769 cont.
183 1704 364 1779 Rerdere
385 1704 546 1766 tribum.

144 1799 313 1863 Ferrum
336 1798 539 1881 recipere.
583 1799 687 1873 Num,
713 1808 748 1860 ut
771 1797 1001 1881 gladiatoribus
1015 1795 1165 1881 imperari
1178 1796 1278 1875 solet,
1300 1795 1382 1862 iet·-

55 1915 139 1956 rum
162 1914 241 1959 nen
264 1891 446 1975 recepit?
467 1914 528 1974 pro
552 1893 658 1955 Sestio
680 1893 739 1968 37,
766 1894 820 1956 80.
843 1929 885 1940 -
905 1894 1068 1958 Ferrum
1091 1889 1282 1973 recipere
1303 1890 1382 1962 ins·
1505 1911 1508 1916 ·

53 2009 122 2050 sus
146 1987 365 2072 gladiator.
390 1985 524 2050 Tuscul.
549 1986 587 2060 1,
613 1987 672 2061 17,
697 1989 749 2051 st.
796 1986 851 2052 cf.
874 2009 936 2069 pro
959 1989 994 2051 S.
1010 1986 1115 2054 Rosc.
1135 1984 1212 2048 Am.
1238 1986 1294 2063 12,
1318 1993 1378 2061 33:

54 2084 143 2165 quod
164 2102 228 2147 non
252 2093 380 2145 totum
403 2081 526 2143 telum
550 2101 726 2163 corpore
749 2082 990 2164 recepisset.
1443 2131 1451 2164 ,

139 2174 275 2239 Fides.
320 2175 489 2239 VideEx
516 2173 600 2237 lide
628 2177 743 2238 bona.
795 2174 899 2257 Quae
929 2179 1044 2243 salva
1073 2181 1172 2246 rite.
1205 2213 1247 2224 -
1278 2178 1381 2241 Esse

53 2268 92 2331 in
115 2267 197 2335 tine
220 2269 364 2332 alieuius.
408 2268 555 2344 Reatini,
586 2267 776 2350 quisunt
802 2270 841 2333 in
869 2269 956 2333 lide
979 2293 1072 2336 mea.
1108 2295 1171 2356 pro
1196 2272 1319 2336 Scauro
1341 2271 1391 2353 2,Ι

56 2363 111 2426 27.
136 2396 177 2409 -
198 2363 245 2427 In
265 2363 351 2428 tite
374 2363 504 2426 alienius
526 2363 706 2425 locatum
729 2384 834 2426 esse.
858 2365 1039 2442 adures,
1064 2368 1102 2443 1,
1127 2369 1159 2431 5.
1181 2401 1223 2413 -·
1244 2356 1382 2429 Fise'm

55 2457 293 2540 implorare.
338 2459 411 2521 Non
437 2455 580 2539 populi
603 2456 775 2519 Romani
797 2456 900 2521 sides
922 2458 1205 2541 imploranda?
1226 2459 1258 2523 in
1280 2458 1382 2522 Verr.

58 2553 98 2627 5,
130 2554 188 2628 70,
221 2551 294 2614 170.
342 2584 373 2595 -
412 2549 494 2615 Cum
517 2549 613 2634 virgo
642 2551 783 2614 Vestalis
813 2562 970 2628 vestram,
1003 2551 1145 2630 iudices,
1178 2574 1217 2616 ac
1241 2549 1385 2636 populi
1504 2594 1508 2603 ·

58 2644 233 2711 Romani
262 2645 381 2709 fidem
416 2644 622 2728 imploret.
665 2666 725 2726 pro
752 2646 891 2709 Fonteio
920 2648 979 2722 17,
1012 2648 1066 2711 36.
1102 2682 1145 2695 -
1176 2647 1311 2712 Fidem
1344 2657 1391 2711 et·

57 2739 337 2805 iusiurandum
361 2741 603 2823 neglectum.
637 2741 676 2801 de
700 2740 843 2821 Harusp.
867 2741 968 2823 Resp.
994 2743 1059 2816 17,
1075 2741 1130 2806 36.
1233 2788 1236 2793 -

145 2835 263 2898 Fides
285 2833 396 2897 mala.
439 2832 558 2918 Indicia
582 2834 626 2895 de
647 2831 730 2897 lide
753 2833 865 2897 mala.
899 2837 938 2899 de
961 2836 1005 2899 N.
1028 2835 1073 2901 D.
1099 2838 1138 2914 3,
1162 2836 1220 2914 30,
1245 2838 1298 2900 tt.

144 2926 324 2992 Fiducia.
356 2927 442 2990 Vide
466 2927 624 2989 Iudicia
647 2926 825 3006 privata.

143 3020 336 3086 Fiduciac
358 3020 553 3084 formula:
579 3022 632 3085 Ut
652 3021 762 3082 inter
785 3022 919 3087 bonos
941 3024 1044 3086 bene
1065 3021 1181 3109 agier
1203 3034 1382 3107 oportet.

57 3120 96 3180 ad
119 3119 213 3181 Fam.
239 3118 275 3193 7,
301 3117 358 3193 10,
384 3117 419 3181 2.

143 3210 338 3274 Fiduciae
359 3211 484 3275 indicia.
520 3211 558 3272 de
581 3212 625 3273 N.
649 3209 693 3274 D.
719 3210 756 3285 3,
781 3211 837 3286 30,
865 3213 917 3274 ld.

142 3303 415 3369 Fiduciarius.
458 3303 543 3366 Vide
565 3304 846 3368 Procurator.

143 3395 264 3461 Fines
285 3420 448 3484 regere.
494 3400 527 3462 Si
547 3398 579 3460 iu
601 3400 679 3461 urbe
703 3397 810 3461 lines
836 3419 900 3463 uon
920 3411 1135 3484 reguntur,
1157 3423 1217 3466 nee
1238 3422 1319 3486 aqna
1348 3400 1382 3464 in

60 3493 142 3556 urbe
164 3508 322 3561 arceatur.
347 3494 466 3576 Topic.
491 3495 527 3570 d,
551 3493 605 3555 23.
649 3493 732 3554 Vide
756 3493 919 3575 Regere
940 3493 1057 3559 sines.

146 3589 316 3652 Finibus
338 3589 533 3672 regundis
554 3586 722 3669 adigere
745 3586 960 3650 arbitrum.
1006 3589 1124 3671 Topic.
1148 3593 1207 3668 10,
1231 3590 1284 3653 13.

147 3682 307 3747 Fissum
331 3683 467 3756 iecoris,
490 3682 609 3745 fibra.
634 3683 672 3741 de
695 3678 805 3743 Divin.
830 3682 869 3755 1,
898 3684 953 3757 10,
980 3683 1032 3744 16.
1055 3683 1132 3746 Lib.
1156 3684 1193 3761 2,
1218 3685 1253 3760 6,
1278 3682 1386 3746 16.-

61 3775 236 3857 Quomodo
267 3776 417 3839 collatum
451 3787 498 3838 cst
529 3776 610 3838 inter
637 3775 839 3856 haruspices,
873 3796 953 3858 qnae
982 3797 1056 3857 pars
1089 3775 1268 3852 inimica,
1304 3794 1385 3860 quae

59 3890 136 3950 pars
163 3870 377 3933 familiaris
410 3882 508 3942 esset,
544 3871 633 3952 quod
662 3868 804 3932 lissum
836 3870 1032 3949 pericnlum,
1067 3872 1154 3954 qnod
1181 3872 1383 3937 commodum

58 3964 190 4049 aliquod
212 3964 417 4029 ostenderet?
450 3964 532 4028 Ibid.
555 3965 613 4036 12,
639 3963 691 4025 28.
1280 3964 1284 3971 ’

144 4060 172 4122 F
180 4059 208 4122 it
229 4081 303 4141 pro
325 4060 480 4141 populo
503 4056 731 4149 (sacrificinm).
754 4060 795 4121 ad
818 4059 889 4123 Ait.
915 4060 953 4136 1,
979 4058 1038 4134 12,
1062 4057 1094 4123 3.
1120 4061 1176 4137 13,
1200 4059 1234 4122 3.
1258 4058 1320 4123 cir.
1344 4060 1384 4122 de

56 4153 202 4236 Harttsp.
228 4156 328 4237 Resp.
355 4157 391 4216 17
402 4200 411 4225 ,
436 4155 489 4216 37.
570 4187 574 4192 -

143 4249 341 4313 Foedera.
387 4247 477 4311 Nihil
504 4257 551 4309 est
579 4246 662 4309 aliud
685 4245 715 4308 in
735 4244 865 4310 foedere
886 4268 957 4309 cnm
980 4247 1102 4328 populo
1129 4245 1287 4314 Gaditano
1309 4247 1381 4324 nisi,

55 4353 91 4403 ut
111 4342 175 4424 pia
207 4353 246 4406 et
268 4356 437 4407 aeterna
461 4363 538 4422 pax
561 4341 627 4406 sit.
673 4340 865 4405 Adiunctum
889 4341 963 4402 illud
988 4340 1079 4403 etiam
1108 4352 1174 4417 est,
1206 4343 1294 4426 qnod
1318 4363 1385 4406 uon

56 4447 107 4498 est
130 4437 162 4500 in
185 4438 332 4502 omuibus
355 4436 559 4501 foederibus:
584 4434 838 4499 Maiestatem
862 4433 1002 4515 populi
1027 4435 1192 4498 Romani
1214 4435 1384 4500 comiter

54 4542 319 4595 conservato.
352 4553 414 4614 pro
439 4531 542 4594 Balbo
567 4531 624 4604 16,
648 4529 702 4592 35.

144 4626 327 4690 Foedera
349 4648 432 4688 enm
456 4624 610 4687 Siculis
632 4621 728 4686 icta.
757 4621 1043 4686 'Tauromenitanis
1062 4621 1243 4687 nominatim
1259 4633 1385 4687 cautum

57 4730 90 4783 et
114 4731 283 4804 exceptum
306 4732 352 4784 est
378 4720 526 4785 loedere:
560 4720 616 4783 Ne
638 4738 775 4781 navem
800 4719 892 4783 dare
914 4718 1103 4782 debeant:
1134 4716 1335 4785 Mamertinis
1352 4717 1386 4781 iu
