3202 5318
621 376 689 443 An
712 374 975 445 AscouttJM.

221 515 260 579 Ρ.
284 514 336 577 23.
358 513 379 576 l.
404 515 433 576 6.
457 536 519 578 om.
543 516 645 579 Lanr.
759 567 762 574 .

221 601 261 664 P.
285 599 336 662 23.
360 600 381 662 l.
406 601 435 663 9.
458 601 685 684 interemisse]
706 600 930 668 interuenisse
952 604 1050 668 Goth.

220 683 260 747 P.
285 685 336 747 23.
357 678 382 748 i.
406 688 455 748 11.
479 685 599 764 Periit]
618 687 712 769 perit
734 687 805 751 Ric.
825 688 924 751 Laur.

218 771 259 834 P.
283 768 334 831 23.
357 768 378 830 1.
403 770 453 832 13.
478 791 540 832 οιιι.
564 773 663 834 Laut.
1163 832 1176 853 ,

217 854 258 917 Ρ.
282 854 333 915 23.
358 852 378 915 Ι.
403 857 452 916 tt.
476 857 682 939 superioris]
704 876 811 940 neqite
835 855 1027 937 surreriorie
1049 856 1176 940 Lugds
1214 876 1295 940 quiae
1319 855 1463 940 interpo-

134 937 211 1002 latio
234 950 282 1002 est
303 940 344 1001 ab
360 939 489 1002 homine
511 942 642 1004 alterum
663 962 770 1025 neque
792 939 992 1024 requirente,
1016 961 1118 1022 neqtre
1139 941 1351 1040 intelligente,
1377 943 1464 1026 quod

134 1022 226 1085 adh.
247 1024 268 1086 l.
289 1023 397 1087 decinit
420 1024 573 1100 Beierus,
597 1046 659 1108 pro
684 1029 788 1088 altero
809 1046 917 1108 neque
936 1024 1011 1106 poni
1032 1046 1168 1109 sequena
1190 1027 1274 1109 quad
1291 1048 1390 1091 uero.-
1411 1026 1464 1089 itta

134 1108 217 1171 enim
238 1112 338 1171 verba
358 1130 439 1194 quiae
457 1114 567 1192 paulo
585 1122 668 1193 post
686 1110 717 1171 in
740 1109 901 1174 Cicerone
921 1131 990 1173 esse
1009 1109 1051 1173 ait
1070 1109 1251 1175 Asconius:
1280 1112 1366 1220 2¹⁸&
1384 1132 1465 1175 vcro

132 1229 175 1241 —
196 1192 348 1257 imitari:
380 1196 529 1276 proxime
557 1196 626 1259 sine
654 1195 751 1258 diibio
783 1199 1015 1277 sequebantur,
1049 1197 1157 1277 paucis
1184 1197 1222 1258 de
1251 1196 1313 1260 Μ.
1339 1195 1464 1282 Aqnttii

132 1277 221 1341 exitu
245 1280 393 1352 adiectis,
429 1302 566 1364 quorum
589 1293 730 1343 extrema
751 1281 891 1342 servavit
913 1280 1137 1361 palimpsestus
1159 1280 1384 1358 Taurinensis,
1422 1302 1490 1344 ex-

134 1383 201 1447 quo
222 1363 399 1450 fragmenta
419 1367 575 1430 orationis
596 1386 658 1449 pro
677 1366 801 1428 Scauro
818 1363 914 1427 edidit
931 1366 1115 1445 Peyronns.
1161 1367 1214 1429 Ex
1231 1367 1343 1429 codem
1358 1379 1464 1430 autem

134 1468 249 1512 errore
270 1461 337 1512 tota
362 1448 415 1512 itta
438 1452 603 1516 adnotatio
622 1453 660 1514 de
681 1449 860 1513 necessaris
877 1449 1090 1531 geminatione
1110 1450 1342 1527 coniunctionis
1357 1471 1465 1549 neque

137 1544 210 1597 orta
236 1545 300 1612 est,
333 1555 414 1620 qtiae
438 1557 521 1599 nuuc
551 1537 581 1599 in
607 1533 800 1600 Asconianis
833 1534 969 1619 legitur,
1001 1555 1018 1596 a
1046 1535 1226 1599 recentiore
1256 1550 1463 1618 grammatico

138 1617 268 1680 adiecta.
313 1621 374 1684 Est
405 1621 486 1683 enim
521 1621 636 1684 nullius
665 1618 815 1683 acuminis
844 1630 876 1680 et
906 1640 1024 1704 genere
1053 1621 1232 1684 abhorrens
1263 1623 1303 1682 ab
1332 1619 1465 1685 Asconii

138 1704 388 1778 commentario,
411 1706 443 1769 in
464 1709 562 1769 rebus
585 1705 748 1769 historicis
774 1703 969 1787 explicandis
994 1715 1167 1787 occupato.
1212 1704 1348 1769 Accedit
1372 1706 1465 1770 etiam

120 1788 234 1862 -ittud,
257 1792 414 1871 permulta
438 1813 506 1855 esse
531 1791 607 1854 vitia
633 1790 809 1871 scripturae
834 1788 865 1849 in
894 1790 952 1852 hac
973 1788 1130 1871 particula
1153 1790 1183 1852 in
1211 1791 1262 1852 ed.
1286 1811 1355 1872 pn,
1382 1811 1464 1874 quae

136 1873 242 1937 omnia
263 1876 356 1938 etiam
380 1879 483 1939 codex
503 1878 611 1959 Lugd.
636 1877 750 1938 habet:
776 1885 947 1956 perpetua,
975 1885 1010 1937 ut
1028 1874 1094 1938 hoc
1113 1872 1363 1950 solum‘dicam‚
1387 1896 1466 1939 con·
1503 1942 1506 1946 ,

132 1957 222 2023 fusio
244 1970 292 2022 est
315 1961 544 2042 particularum
564 1973 597 2024 et
619 1973 714 2044 atque
740 1971 798 2021 ut:
827 1958 920 2040 quam
942 1959 973 2022 in
993 1959 1116 2043 reliqua
1139 1958 1311 2024 collatione
1333 1980 1397 2023 non
1421 1960 1466 2023 ita

132 2053 332 2108 constantem
356 2046 546 2109 observavi:
571 2049 657 2128 qtiod
682 2055 878 2125 potestesse
903 2057 1111 2127 argumento,
1136 2046 1194 2107 alia
1220 2066 1314 2107 mauu
1335 2046 1414 2108 baec
1433 2043 1467 2108 in

133 2138 244 2191 vetere
266 2131 416 2212 exempto
431 2131 565 2194 Asconii
581 2127 803 2194 Sari-Gailcnsi
826 2129 876 2189 vel
896 2131 988 2190 ctiam
1006 2129 1183 2193 veteratione
1206 2129 1324 2211 scripta
1342 2128 1462 2193 fuisse:

135 2234 231 2295 quam
253 2217 437 2279 senteutiam
459 2216 553 2278 etiam
577 2216 720 2298 sequitur
747 2212 934 2294 Madvigius
957 2216 996 2275 de
1019 2214 1140 2277 Ascou.
1167 2236 1198 2297 p.
1224 2215 1264 2278 78
1288 2234 1377 2296 sqq„
1410 2212 1467 2296 quii
1492 2289 1495 2294 Ι

138 2307 228 2361 recte
249 2312 378 2376 monet,
404 2304 483 2363 hacc
512 2301 617 2364 locum
642 2319 803 2380 occupare
819 2297 963 2379 potuisse
986 2320 1118 2375 eorum,
1141 2319 1224 2383 quae
1244 2297 1405 2362 Asconius
1427 2299 1465 2361 de

136 2382 202 2445 Μ’.
227 2384 361 2469 Aquilio
383 2387 562 2468 scripserat.
597 2387 682 2449 Rau.

226 2468 266 2531 Ρ.
290 2471 384 2533 231.
409 2472 459 2532 tt.
482 2470 618 2553 iisdem]
641 2469 771 2531 hisdem
794 2467 907 2530 Ambr.
931 2470 1028 2529 [raim.
1052 2468 1151 2530 Goth.

225 2554 264 2616 Ρ.
289 2555 340 2618 23.
364 2556 384 2617 l.
410 2558 457 2618 15.
483 2555 569 2636 M’.]
589 2557 647 2622 M.
670 2554 742 2617 Ric.
767 2553 879 2613 Ambr.

225 2638 265 2700 P.
293 2640 343 2703 23.
367 2641 387 2699 1.
413 2643 461 2701 17.
484 2641 603 2720 cernei]
623 2638 729 2704 simul
749 2639 847 2698 Laur.

226 2723 265 2785 P.
290 2725 339 2786 23.
364 2727 383 2786 t.
409 2727 457 2786 18.
481 2722 687 2788 disirmetr'ua
706 2735 738 2787 et
761 2719 909 2804 semper]
931 2719 1138 2784 disiunctina
1156 2722 1218 2785 sed
1236 2740 1371 2804 semper
1392 2717 1465 2785 Ric.

137 2808 254 2873 Ambr.

225 2895 265 2958 P.
290 2895 340 2959 23.
363 2894 383 2955 Ι.
409 2896 459 2956 18.
482 2890 663 2983 inferatur
685 2894 850 2973 NEQUE
871 2902 909 2953 ιιι
930 2911 1008 2952 cum
1026 2889 1190 2953 dicimus:
1222 2885 1344 2975 neque]
1373 2884 1467 2977 infe·

138 2989 259 3041 ratur:
287 2993 320 3042 et
342 3001 449 3062 neque
471 3000 549 3039 cum
571 2978 733 3039 dicimus:
762 2988 799 3038 ιιι
821 2997 928 3059 neque
948 2975 1022 3039 Ric.
1050 2976 1164 3039 Ambr.
1188 2975 1287 3037 Laur.
1311 2986 1342 3037 et
1365 2973 1465 3043 Gnth.

138 3063 213 3140 (nisi
235 3068 322 3146 qiiod
345 3065 396 3126 hic
420 3066 512 3125 lrabct
535 3063 711 3124 inseratur·
733 3075 763 3123 ct
786 3064 918 3145 quom).

224 3150 262 3212 P.
287 3151 336 3212 23.
361 3149 381 3210 Ι.
407 3150 457 3209 20.
481 3147 630 3227 ratione]
654 3147 810 3211 oratioue
834 3147 947 3208 Amhr.

222 3234 262 3297 P.
360 3235 380 3294 l.
405 3235 455 3296 21.
479 3245 511 3296 et
533 3234 669 3312 nomen]
694 3243 732 3294 ιιι
755 3252 878 3294 nomeu
898 3232 968 3294 Ric.
996 3232 1092 3294 Laur.
1120 3229 1221 3298 Goth.

225 3319 265 3381 P.
409 3324 437 3380 t.
462 3319 532 3401 Sic]
556 3319 623 3381 Sed
642 3319 758 3380 Ambr.

225 3403 265 3465 Ρ.
407 3405 436 3466 3.
459 3416 510 3466 est
535 3425 597 3466 om.
625 3404 738 3466 Ambr.

227 3489 267 3552 Ρ.
409 3490 438 3549 3.
462 3500 495 3551 et
517 3488 604 3567 sine]
628 3501 665 3550 ut
687 3488 759 3549 siue
782 3487 893 3548 Amhr.

229 3574 268 3636 Ρ.
409 3576 438 3634 lt.
462 3574 628 3652 videmus]
651 3572 831 3634 uideamus
852 3568 923 3633 Ric.
946 3572 1061 3633 Ambr.
1087 3570 1187 3632 Laut.
1214 3565 1314 3630 Goth.

227 3658 266 3721 P.
410 3660 438 3720 1.
459 3657 553 3741 post]
576 3679 644 3741 quo
666 3657 710 3720 sit
731 3657 801 3719 Ric.
825 3655 939 3717 Ambr.
965 3656 1064 3718 Goth.

226 3742 266 3804 P.
410 3747 437 3804 7.
463 3764 524 3806 nui.
550 3744 653 3804 Laur.

228 3828 266 3891 P.

229 3912 267 3975 P.

227 3998 266 4060 P.

225 4084 264 4147 P.

410 3829 440 3890 8.
464 3828 664 3906 numinum
688 3825 801 3888 Ambe.
827 3827 927 3887 Laur.
951 3824 1050 3885 Goth.

307 3235 336 3296 3.

289 3319 340 3381 21.
364 3320 383 3377 l.

288 3405 338 3466 tt.
362 3405 382 3464 l.

290 3489 339 3551 21.
364 3491 384 3549 l.

291 3574 341 3636 21.
365 3576 384 3635 Ι.

291 3658 341 3720 21.
364 3659 385 3719 l.

289 3743 340 3805 21.
363 3743 384 3804 Ι.

291 3829 341 3889 23.
365 3827 386 3888 l.

291 3913 342 3973 21.
366 3912 386 3974 Ι.
411 3913 461 3974 12.
485 3934 563 3976 eum
586 3932 648 3974 om.
672 3911 770 3973 Goth.

289 3997 385 4059 211.
411 3997 459 4061 13.
484 3995 578 4077 Asia]
601 3996 713 4058 asiam
735 3993 805 4057 Ric.
827 3995 940 4057 Amba.
966 3993 1065 4055 Laur.
1091 3990 1189 4054 Goth.

289 4082 340 4144 21.
363 4083 383 4142 l.
410 4085 459 4144 11.
483 4082 606 4160 Iulios]
629 4081 725 4143 ludos
753 4081 867 4143 Ambr.

286 4168 338 4229 21.
361 4167 382 4232 l.
408 4168 456 4230 15.
480 4161 611 4243 censor]
633 4176 755 4247 pretor
778 4164 849 4226 tite.
875 4163 988 4226 Ambr.
1010 4161 1110 4223 Laur.
1137 4157 1237 4221 Goth.

310 4252 338 4314 3.
362 4253 382 4313 Ι.
409 4257 457 4314 ib.
481 4251 653 4313 ciuitatem
670 4249 785 4331 potuit
807 4261 844 4311 ιιι
867 4268 991 4310 causas
1013 4247 1127 4308 Ambr.

361 4337 381 4399 l.
427 4335 549 4417 8..cui]
572 4334 632 4418 qui
656 4335 770 4397 Ambr.

361 4507 381 4569 Ι.

360 4591 382 4653 l.

290 4845 310 4906 2

222 4424 251 4485 P
308 4337 325 4482 i
405 4340 457 4484 20.
480 4420 646 4501 temporis
671 4418 738 4496 sui]
761 4417 816 4481 sui
837 4415 1003 4499 temporis
1025 4413 1097 4478 Ric.
1122 4413 1237 4477 Ambe.

313 4696 324 4737 ι

222 4338 261 4401 Ρ.
285 4338 304 4397 2

222 4508 261 4571 Ρ.
406 4506 456 4567 21.
480 4506 579 4570 huius
598 4514 683 4568 aunt
704 4504 808 4582 enim]
831 4502 932 4564 ιιιιὶιιι
953 4499 1044 4561 enim
1066 4509 1148 4562 sunt
1169 4496 1269 4559 Goth.

407 4591 457 4652 22.
481 4591 529 4655 Hi
547 4603 663 4654 autem
682 4589 777 4667 Iulii]
800 4587 1024 4650 estuantem
1046 4584 1127 4650 tutti
1150 4581 1221 4645 Ric.
1247 4582 1348 4642 Laur.
1367 4575 1467 4640 Goth.

397 4697 424 4736 m

407 4761 426 4821 2

224 4167 253 4231 Ρ

224 4254 253 4316 Ρ

224 4593 253 4655 Ρ

427 4677 524 4823 {aab
547 4756 764 4839 sateltitibus]
787 4778 811 4820 a
831 4753 1035 4821 satellitibus
1058 4754 1158 4817 Laur.

411 4845 441 4908 3.
465 4866 528 4909 orn.
550 4846 650 4909 Laur.

287 3235 305 3295 2

287 4253 305 4313 2

287 4422 304 4482 2

287 4508 304 4567 2

287 4592 306 4651 2

287 4759 306 4821 2

136 4605 393 4740 -etiuliiA

225 4761 264 4823 P.
313 4762 382 4822 hl.

227 4845 267 4908 Ρ.
313 4844 388 4909 tt.
