3202 5318
585 298 1022 427 'aueeco-namuns.
1422 346 1463 439 a

134 497 176 562 ibi
202 497 407 575 murnianus,
440 497 468 562 ri
493 496 630 563 feminae
657 498 810 575 luissent,
844 498 1068 583 Eumolpidas
1092 496 1256 562 dicendum
1275 497 1377 565 ianae
1398 474 1464 563 noir

134 592 380 676 Eumolpidae.
426 593 512 657 Eeu.
911 664 919 674 ,
1324 644 1332 661 .

217 691 381 765 Biante,
406 700 604 765 venustum,
631 688 792 753 nitidum.
839 687 985 771 „Caesar
1001 699 1107 752 autem
1131 687 1204 751 mihi
1224 687 1358 758 irridere
1379 695 1464 761 visus

133 793 180 846 est
201 804 334 868 quaero
356 783 435 846 illud
457 793 566 858 tunm,
591 785 680 869 qssod
698 790 769 847 erat
794 785 920 860 εὖπινὲς
939 796 971 847 et
993 784 1188 848 urbanum.''
1227 787 1265 848 ad
1287 788 1464 860 Att.X11.

134 877 170 954 5,
196 877 231 941 3.
287 878 409 943 Forma
435 879 589 962 quaedam
622 877 798 955 orationis,
834 899 916 964 quiae
939 889 971 942 et
994 890 1084 955 πίνος
1110 889 1141 941 et
1163 899 1180 942 a
1203 878 1355 963 Longino
1379 885 1466 953 Sect.

132 972 252 1037 XXX.
275 975 423 1039 εὕπίνιια
445 983 582 1057 vocatur
603 974 694 1050 (uani
720 973 763 1036 ita
789 964 958 1056 tegendum
983 992 1052 1036 esse
1079 973 1155 1037 mihi
1180 994 1244 1039 nou
1267 979 1394 1044 dubium
1418 984 1466 1047 vi-

134 1068 244 1143 detur,
267 1068 328 1130 etsi
350 1066 479 1133 'l'ollius
494 1064 612 1129 retinet
625 1067 834 1148 σαφήνειαν).
859 1065 1142 1149 Proprierdaurtf
1163 1075 1366 1153 etcinerem,
1391 1074 1466 1139 item
1502 1058 1507 1067 ⁵
1572 1054 1575 1071 Ι

134 1173 246 1239 πίνος,
265 1174 314 1225 est
340 1160 619 1246 palaestritam,
642 1161 696 1244 qui
718 1158 809 1238 oleo,
844 1182 910 1246 quio
932 1161 1008 1246 ungi
1034 1161 1156 1237 solent,
1192 1165 1323 1232 nitidum
1346 1190 1467 1257 corpur

136 1257 199 1321 sibi
221 1255 383 1320 effiduat:
407 1255 520 1320 deinde
543 1256 583 1317 ad
605 1253 683 1318 aliar
705 1276 757 1319 res
779 1256 973 1331 traducitur,
1005 1267 1057 1331 ut,
1087 1270 1223 1344 πιναροί
1251 1267 1360 1341 λίθοι,
1386 1265 1467 1349 lapi.

138 1353 214 1428 der,
237 1350 292 1436 qui
312 1351 406 1415 eaeri
428 1362 460 1414 et
477 1349 582 1434 politi
603 1360 689 1413 sunt.
735 1349 788 1414 Sic
811 1351 902 1414 etiam
925 1362 1017 1427 πίνος
1045 1351 1198 1417 orationis
1220 1364 1252 1417 et
1273 1359 1399 1437 εὖπινὲς
1420 1358 1468 1424 ni·

137 1456 209 1526 tor,
230 1444 409 1532 elegantia,
432 1456 584 1509 venustas
606 1455 667 1508 est.
710 1444 762 1509 De
784 1443 834 1508 his
852 1442 962 1508 verbis
984 1444 1058 1507 vide
1078 1446 1217 1512 Salmas.
1230 1451 1280 1512 ad
1301 1452 1406 1517 Solia.
1429 1476 1465 1538 p.

137 1564 179 1607 n.
208 1540 284 1604 tii.
309 1550 342 1603 et
363 1538 471 1604 multis
493 1539 562 1604 aliis
579 1538 673 1604 locis.
718 1537 903 1604 Victoriam
925 1539 965 1601 ad
986 1538 1009 1600 i.
1033 1559 1065 1601 c.
1089 1538 1257 1606 Pearcinm
1280 1547 1320 1608 ad
1340 1548 1468 1634 [rongi

135 1658 209 1702 run
230 1637 256 1700 l.
280 1658 313 1700 c.
335 1635 422 1700 Eun.
857 1662 860 1667 ·
907 1695 913 1705 ,

218 1734 390 1809 Eduardo,
409 1731 548 1805 nitide,
577 1732 767 1814 eleganter.
813 1781 830 1810 „
841 1728 947 1811 Ipsius
972 1729 1099 1793 litterae
1121 1729 1167 1793 sic
1190 1741 1222 1794 et
1241 1737 1466 1827 φιλοστόργως

136 1837 163 1889 et
192 1828 333 1903 εὕπινοῐς
360 1823 518 1909 scriptae,
550 1837 585 1888 ut
609 1844 662 1888 eas
685 1823 736 1887 vel
763 1822 794 1887 in
822 1822 948 1889 acroasi
976 1826 1106 1889 audeam
1134 1824 1286 1911 legere.''
1331 1831 1372 1893 ad
1392 1833 1466 1896 Au.

135 1921 217 1986 XV.
243 1926 303 1998 17,
330 1921 364 1986 9.

217 2017 402 2093 Εὗπιοτος,
423 2018 526 2079 homo
548 2015 754 2098 exploratae
767 2012 885 2091 fedei,
908 2013 966 2076 cui
987 2024 1063 2077 tuto
1084 2016 1178 2078 credi
1194 2028 1323 2099 potest.
1349 2018 1468 2100 „Quod

136 2113 170 2173 ad
197 2122 233 2175 te
262 2110 324 2175 iam
352 2110 475 2193 pridem
498 2111 536 2172 de
557 2118 749 2173 testamento
782 2106 915 2192 scripsi,
950 2110 1034 2191 apud
1059 2109 1213 2177 εὔπιοιον
1233 2110 1304 2176 illas
1326 2113 1466 2178 velim.''

137 2208 172 2268 ad
193 2207 269 2271 Att.
292 2206 359 2270 XI.
383 2205 443 2280 25,
469 2203 501 2266 3.

219 2301 386 2375 Εὔπολιν,
412 2301 468 2366 τὸν
482 2303 536 2377 τῆς
551 2303 714 2386 ἀρχαίας,
736 2299 889 2381 Eupolin
910 2297 1008 2360 illum
1031 2299 1157 2363 veterio
1178 2299 1247 2363 scil.
1270 2303 1467 2368 comoediae

134 2404 284 2480 mam.
330 2393 435 2477 „Quia
462 2392 543 2457 enim
566 2411 632 2456 non
655 2392 736 2455 dixit
764 2390 911 2459 Εὔπολιν
932 2392 989 2457 τὸν
1005 2397 1060 2471 τῆς
1074 2396 1219 2481 ἀρχαίας
1240 2399 1282 2460 ab
1297 2397 1466 2465 Alcibiade

137 2490 308 2576 navigante
332 2489 365 2552 in
392 2488 532 2552 Siciliam
558 2488 714 2550 deiectum
732 2506 801 2549 esse
827 2485 858 2549 in
884 2485 1017 2549 mare?”
1040 2489 1081 2551 ad
1101 2490 1174 2552 Au.
1196 2488 1260 2552 Vl.
1284 2495 1322 2568 l,
1348 2493 1401 2556 18.
1424 2523 1466 2536 ·-
1498 2531 1501 2537 -

136 2583 185 2652 lle
205 2583 416 2650 distinetione
437 2582 625 2647 comoediae
647 2580 857 2655 innuerem,
883 2578 1016 2643 mediam
1039 2593 1071 2644 et
1094 2601 1211 2649 novam
1233 2598 1369 2670 egerunt
1388 2586 1467 2651 scri·

138 2691 250 2761 ptores
280 2682 321 2744 de
351 2699 387 2742 re
414 2677 563 2762 poetica,
599 2687 758 2757 tamqnam
782 2673 947 2759 Scaliger,
976 2695 1020 2741 ex
1053 2675 1280 2741 recentissimis
1308 2679 1463 2758 Bennoi,

137 2775 279 2838 deaue
301 2776 358 2838 des
381 2774 504 2849 Graes,
538 2772 636 2836 Tam.
659 2769 705 2832 V.
729 2790 765 2851 p.
790 2768 863 2832 198.
885 2770 937 2832 ed.
962 2768 1077 2834 Batav.
1100 2769 1174 2834 item
1202 2772 1400 2856 Interpretes
1426 2777 1466 2839 ad

136 2867 209 2933 illnd
240 2869 320 2932 Hor
339 2868 394 2932 tii:

386 2963 430 3026 lis
450 2973 553 3046 atque
575 2959 740 3026 Cratinus
766 2959 1086 3042 Aristophanesque
1102 2969 1227 3043 poetae

282 3061 331 3123 At
378 3081 396 3120 e
420 3057 498 3131 ulii,
526 3077 674 3140 quorum
696 3053 875 3118 comoedia
892 3052 1013 3136 prisea
1035 3054 1190 3119 virorum
1207 3071 1274 3141 eet.

137 3152 181 3217 De
204 3152 330 3235 Eupoli
352 3152 420 3215 vid.
444 3151 549 3216 ladio.
572 3147 760 3214 Nominum.
806 3150 892 3213 Eun.

216 3248 444 3330 Εὐπόριοτος,
461 3245 596 3336 facilia
625 3245 825 3327 impetratu.
871 3242 1019 3331 „Deinde
1047 3244 1088 3308 de
1108 3243 1181 3326 ipso
1204 3246 1367 3330 triumpho
1389 3250 1465 3328 (co-

138 3342 290 3426 gitabis),
313 3363 408 3428 quiem
425 3340 537 3418 video,
561 3338 621 3404 nisi
636 3339 683 3403 rei
698 3337 845 3421 publicae
860 3351 1006 3419 tempora
1020 3337 1208 3422 impedient,
1233 3336 1465 3432 adndpearar.''

138 3439 172 3499 ad
194 3438 267 3501 Are.
293 3437 379 3501 Vll.
405 3438 443 3510 1,
469 3439 500 3498 7.
634 3466 637 3471 Α
973 3442 977 3451 “

219 3535 420 3615 Εὐριπίδου,
447 3529 644 3612 Euripidis.
695 3527 830 3612 „ltaque
858 3528 899 3590 ab
930 3527 1066 3590 Homeri
1096 3527 1364 3616 magriiioqneutia
1387 3554 1465 3598 con·

138 3624 207 3692 iero
230 3648 280 3689 me
303 3628 343 3688 ad
366 3646 443 3689 vera
465 3635 636 3707 praecepta
659 3627 860 3712 Εὐριπίδου·

283 3724 393 3801 Menti
413 3720 580 3800 σοφιστήν
608 3718 698 3793 ὅστις
721 3719 783 3796 οὐχ
803 3719 894 3799 αὐτῷ
914 3717 1029 3797 σοφός.
1042 3714 1062 3744 ''

284 3815 482 3897 Sapientem
503 3813 578 3889 odi,
600 3812 660 3896 qui
681 3811 748 3875 sibi
770 3812 843 3895 ipse
865 3831 933 3874 non
955 3811 1059 3894 sapit.

138 3909 567 3983 atram.x111.15,2.
620 3906 771 3970 Manutio
798 3905 1016 3969 videturesse
1039 3907 1213 3972 eMedea.
1237 3909 1343 3972 Ἕκα.
1388 3909 1467 3973 Vid.

137 4002 301 4091 Euripidis
323 4003 443 4088 fragm.
467 4002 532 4066 inc.
556 4002 708 4065 LXXII.
733 3998 832 4064 Dind.

215 4100 426 4186 Εὖρίπιοια,
460 4095 615 4172 mobilia,
639 4094 778 4185 facilia
808 4095 855 4157 ad
889 4096 1112 4160 excitandum
1145 4110 1178 4161 et
1210 4096 1464 4180 impellendum.

136 4196 167 4255 ad
191 4194 266 4259 Ait.
293 4192 393 4257 XIV.
419 4190 451 4267 5,
476 4190 508 4252 2.
533 4190 752 4253 Falsissimum
776 4202 824 4252 est
847 4189 1059 4274 veriloquium
1076 4191 1169 4255 huius
1192 4192 1283 4255 vocis
1303 4190 1357 4266 id,
1379 4194 1466 4276 quod

137 4287 306 4352 Ernestius
328 4287 424 4348 habet
448 4297 479 4348 et
502 4283 691 4363 Schiltzius,
717 4285 772 4368 qni
795 4305 862 4347 eam
883 4284 923 4346 ab
940 4284 1066 4367 Euripo
1082 4286 1230 4350 derivant
1245 4297 1276 4349 et
1292 4299 1369 4350 noto
1388 4307 1467 4375 pro·

139 4382 249 4448 verbio
266 4382 467 4468 'Ardaneae
492 4379 650 4467 Εὔριπος.
704 4381 757 4443 Tu
779 4377 846 4443 noli
876 4380 1041 4454 dubitare,
1077 4379 1151 4463 quin
1175 4401 1215 4442 ex
1238 4376 1275 4446 εὖ
1298 4393 1329 4444 et
1350 4385 1465 4466 ῥιπίζω

139 4478 276 4541 derivata
302 4475 356 4539 sit.

216 4572 463 4654 Εῠοτομάχως,
505 4570 594 4634 bono
627 4572 823 4645 stomacho,
844 4568 1015 4662 fortiter.
1072 4569 1202 4654 „Pinge
1237 4593 1286 4635 me
1321 4569 1467 4657 qntamrir

145 4666 347 4751 timopaixof
368 4666 447 4729 haec
469 4665 665 4729 serentem.''
710 4667 750 4726 ad
772 4666 843 4728 Att.
868 4663 930 4726 lx,
955 4663 997 4738 5,
1023 4662 1056 4725 2.

219 4764 388 4840 Εὗταξία,
422 4758 556 4822 ordinis
588 4759 816 4822 conservatio.
872 4757 1060 4840 „Deinceps
1091 4761 1130 4820 de
1161 4760 1275 4825 ordine
1303 4782 1411 4825 rerum
1434 4758 1467 4824 et

151 4855 382 4940 opportunitate
411 4865 591 4938 temporum
612 4853 776 4919 dicendum
800 4865 860 4917 est.
906 4853 996 4916 Haec
1018 4863 1124 4917 autem
1151 4855 1280 4921 scientia
1300 4855 1467 4921 continen-
