3202 5318
215 306 278 377 rso
650 246 653 253 ¹
695 303 847 371 runnx
866 304 1049 417 enonas.

218 453 304 530 (nam
327 459 396 513 ante
417 446 483 511 sine
505 445 659 530 suffragio
674 445 849 510 habuerant
863 443 1035 529 civitatem)
1058 457 1158 512 esset.
1178 446 1251 512 huic
1265 448 1429 533 rogationi
1443 462 1533 536 quet-

217 555 293 609 tnor
314 540 564 625 tribuniplebis,
588 539 741 626 quianon
759 561 800 602 ex
820 541 1008 607 auctoritate
1028 554 1155 606 senatus
1170 539 1328 618 serretur,
1352 565 1422 607 cum
1439 543 1535 616 iuter·

217 640 380 713 cederent,
409 633 515 699 edocti
534 633 648 717 populi
668 655 755 708 esse,
784 654 847 697 nou
870 647 996 699 senatus
1022 636 1087 711 ius,
1111 634 1298 720 suffragium
1322 636 1436 719 quibus
1460 637 1536 703 velit

26 800 36 817 κ
116 727 119 733 ’
217 730 398 812 impertire,
422 726 610 792 destiterunt
630 727 777 809 incepto.
797 727 925 811 rogatio
949 729 1072 811 perlate
1096 740 1164 803 est,
1187 739 1222 791 ut
1245 728 1276 792 in
1296 727 1429 793 Aemilia
1452 731 1539 818 trihu

217 822 380 888 formiani
401 833 433 887 et
455 820 618 897 Fundani,
647 821 678 884 in
702 818 854 885 Cornelis
877 821 1050 904 Arpinates
1073 821 1212 896 ferrern
1242 834 1337 908 atque
1358 823 1391 886 in
1410 822 1460 889 hir
1482 822 1540 893 tri·

217 918 320 983 hohur
334 929 399 983 tunt
415 918 551 1002 primum
566 938 606 980 ex
621 915 756 980 Valerio
766 913 936 996 plebiscito
950 916 1035 979 consi
1047 916 1156 981 sunt.’'
1178 917 1257 982 Liv.
1269 909 1538 989 XXXVHlth.

468 1077 625 1140 Veneria
646 1074 688 1138 cle
709 1048 846 1137 ciuitate
869 1072 1085 1158 Calliphauae
1109 1075 1288 1142 Veliensis.
1318 1082 1323 1132 t

201 1203 208 1208 ”
283 1196 421 1275 *Mitto
441 1208 568 1272 vetera,
592 1195 740 1278 proxima
759 1195 849 1259 dico:
881 1207 951 1259 ante
971 1196 1128 1260 civitatem
1147 1197 1352 1262 Veliensibus
1374 1200 1478 1263 &tam
1498 1201 1537 1263 ts

215 1292 342 1357 leuatus
363 1290 516 1356 sententis
538 1294 576 1357 C.
595 1291 773 1357 Valerium
788 1292 947 1354 Flaccum
961 1303 1143 1371 praetorem
1160 1292 1313 1356 urbanum
1336 1293 1380 1370 (a.
1397 1314 1431 1356 u.
1448 1292 1536 1380 666.)

218 1383 400 1450 nominatim
422 1387 461 1449 ad
484 1385 637 1468 populum
660 1387 698 1447 de
720 1382 907 1469 Calliphana
931 1384 1081 1449 Veliense
1104 1388 1282 1463 (sacerdote
1305 1383 1468 1467 Cereris),
1503 1398 1537 1450 ut

216 1501 252 1544 ea
274 1480 352 1544 civis
376 1481 520 1545 Romana
535 1490 641 1562 esset,
666 1474 812 1543 tulissel'
854 1499 915 1560 pro
937 1479 1041 1542 Balbo
1063 1479 1120 1556 tt,
1146 1481 1198 1543 55.

644 1634 802 1709 Vanesia
824 1635 865 1699 tle
886 1658 966 1700 aere
986 1635 1112 1701 alieno.

172 1770 188 1819 ,·
299 1758 363 1839 ,In
388 1757 480 1821 husius
501 1756 560 1839 (C.
587 1756 687 1821 Marii
706 1756 870 1838 septimum
892 1742 1045 1838 consulis)
1066 1759 1171 1823 locum
1194 1761 1344 1823 suffectus
1366 1760 1534 1828 L.‘Vale·

213 1852 458 1921 rtm'ltaccns
487 1855 532 1930 (a.
561 1871 594 1914 u.
624 1851 714 1929 667.)
741 1850 940 1931 turpissimae
969 1852 1048 1935 legis
1072 1865 1200 1931 auctor,
1233 1875 1296 1938 qua
1323 1854 1535 1921 creditoribus

214 1950 420 2033 thlramem
442 1944 526 2009 solvi
548 1944 699 2007 iusserat:
723 1943 810 2025 cuius
828 1942 905 2006 facti
924 1944 1036 2009 merita
1058 1967 1129 2010 eum
1149 1969 1252 2032 poena
1273 1948 1355 2013 intra
1377 1947 1536 2017 hienniu
1593 1952 1595 1960 '

79 2086 85 2093 -
214 2053 384 2108 consecuta
407 2039 492 2103 est.'’
535 2036 655 2102 Vellei.
679 2036 726 2101 lt.
750 2036 806 2114 23,
832 2037 864 2100 2.

297 2137 401 2212 ,Nem
424 2134 467 2197 ita
489 2153 554 2219 ego
578 2131 714 2203 delendo
734 2131 786 2196 M.
808 2131 977 2196 Fonteium
1000 2133 1106 2220 itaque
1128 2139 1306 2212 contendo,
1329 2148 1406 2219 post
1431 2138 1536 2223 legens

216 2233 391 2307 Valeriam
412 2230 504 2291 latam
526 2249 544 2290 a
563 2227 615 2291 M.
640 2226 776 2290 Fonteio
797 2239 967 2309 quaestore
988 2233 1144 2315 usquead
1167 2233 1210 2294 T.
1234 2230 1419 2314 Crispinum
1438 2250 1535 2316 quae·

212 2340 332 2393 storem
355 2327 444 2390 aliter
465 2321 617 2384 neminem
637 2319 789 2384 solvisse:
813 2321 897 2383 hunc
920 2322 1055 2385 omniurn
1075 2326 1293 2405 superiorum,
1318 2326 1409 2390 httius
1432 2337 1534 2389 auteur

212 2442 342 2496 omues,
377 2419 431 2505 qui
451 2427 566 2500 postea
587 2413 722 2491 sinerint,
755 2414 973 2478 auctoritatem
1002 2417 1075 2481 dico
1105 2420 1265 2484 secutos.”
1308 2441 1370 2502 pro
1394 2419 1532 2485 Fonteio

213 2518 305 2592 1,1.
338 2513 434 2578 uieu.
1271 2505 1279 2518 ⁶

296 2609 349 2671 Ex
374 2608 434 2670 hao
459 2604 530 2689 lege
552 2614 738 2687 argentum
763 2621 843 2667 aere
864 2606 1015 2668 solutum
1042 2617 1094 2671 eat
1122 2608 1256 2685 (Salust.
1280 2605 1533 2687 caritasque

212 2713 248 2765 ut
262 2722 325 2785 pro
341 2698 509 2773 sestertio,
534 2697 601 2782 (qui
621 2708 688 2758 erat
703 2701 907 2778 argenteus,)
929 2720 1048 2774 assem,
1071 2700 1165 2784 (quae
1183 2712 1251 2764 erat
1269 2721 1362 2763 aeres
1381 2704 1533 2782 monem)

211 2795 419 2879 proterariis
439 2791 637 2867 sestertium,
661 2810 722 2871 pro
739 2787 821 2851 mille
837 2791 936 2853 nuruis
954 2792 1106 2856 dttceutos
1126 2793 1372 2876 quinquaginta,
1396 2795 1532 2879 deniqne

211 2907 273 2972 pro
301 2885 387 2952 omni
406 2886 517 2959 ‚debito
545 2895 688 2968 quartam
711 2894 832 2966 partem
862 2884 1042 2963 solverent,
1078 2898 1109 2951 et
1134 2898 1200 2951 tres
1223 2887 1353 2952 omnino
1379 2886 1533 2953 creditori
1554 2908 1570 2927 ²

212 2980 365 3065 perirent.

590 3138 769 3200 Venturae
793 3137 835 3200 de
857 3141 953 3203 Sulla
974 3139 1152 3205 dictatore.

297 3259 471 3344 „Omnium
494 3258 600 3344 legum
623 3257 845 3341 iniquissimam
870 3260 1177 3348 dissimillimamque
1193 3263 1273 3348 legis
1296 3286 1364 3329 esse
1391 3266 1533 3332 arbitror

211 3378 297 3433 eam,
322 3377 413 3440 quarn
435 3359 477 3418 1..
500 3357 640 3417 Flaccus
661 3352 803 3416 interrex
826 3358 870 3432 (a.
894 3377 926 3418 u.
951 3357 1040 3438 671.)
1064 3360 1100 3420 de
1125 3358 1211 3421 Sulla
1234 3360 1320 3435 tulit,
1343 3372 1382 3423 ut
1402 3363 1530 3436 omnia,

127 3468 129 3472 “
210 3471 429 3538 quaecunque
450 3448 506 3511 ille
515 3444 687 3537 fecisset,
711 3459 934 3553 cruentarum.
978 3451 1059 3513 llam
1079 3472 1149 3514 cum
1169 3453 1284 3516 ceteris
1304 3454 1335 3516 in
1352 3453 1532 3519 civitatibus

211 3545 352 3627 tyrrnms
381 3540 530 3611 institutis
554 3541 641 3625 leges
670 3560 779 3603 omues
805 3541 1049 3625 exstinguantur
1079 3557 1172 3631 atque
1201 3546 1370 3622 tollentur,
1403 3548 1457 3613 hie
1482 3548 1531 3615 rei

211 3639 357 3725 publicae
383 3649 550 3716 tyrannum
576 3634 647 3717 lege
673 3633 850 3698 constituit.
894 3638 954 3699 Est
977 3637 1129 3703 invidiosa
1152 3640 1224 3717 lex,
1248 3641 1330 3704 sieut
1356 3641 1441 3709 ttitr
1475 3646 1532 3707 ἡ·

210 3742 386 3799 ronternen
407 3730 503 3792 hehet
525 3726 775 3803 excusationem
798 3749 862 3792 non
883 3730 965 3793 enim
988 3732 1114 3797 videtur
1134 3733 1268 3798 hominis
1287 3735 1342 3798 lex
1363 3736 1532 3815 esemel

211 3820 400 3911 temporis.''
434 3825 472 3887 sle
501 3822 574 3907 lege
602 3842 673 3906 agr.
702 3821 770 3886 111.
798 3823 837 3899 2,
865 3824 898 3889 6.
931 3825 1020 3889 conl.
1050 3826 1115 3892 111.
1146 3828 1183 3905 2,
1215 3830 1246 3892 6.
1276 3841 1308 3892 et
1334 3829 1401 3895 111.
1427 3830 1467 3908 2,
1494 3828 1527 3893 8.

212 3921 355 4006 Appiana.
379 3917 463 3984 Bell.
486 3914 562 3981 civ.
586 3916 616 3980 1.
639 3916 691 3981 97.

299 4014 358 4097 „Si
386 4008 516 4096 triginta
540 4009 587 4072 illi
611 4008 746 4073 Athenis
768 4011 856 4094 leges
876 4012 1040 4094 imponere
1063 4015 1254 4094 voluissent,
1288 4028 1342 4081 aut
1365 4019 1395 4082 si
1419 4039 1529 4084 omnes

213 4108 429 4175 Athenienses
444 4104 675 4168 delectarentur
689 4103 862 4183 tyrannicis
877 4105 1013 4190 legibus,
1031 4131 1103 4172 num
1118 4109 1239 4176 idcirco
1255 4113 1314 4175 hae
1328 4113 1418 4196 leges
1432 4112 1533 4178 inus

214 4198 430 4268 haberentur?
452 4196 580 4272 Nihilo,
594 4199 710 4274 credo,
726 4199 825 4284 magis
838 4199 909 4274 illa,
924 4222 1016 4283 quam
1031 4203 1172 4267 interrex
1183 4216 1295 4269 noster
1303 4206 1363 4281 (L.
1375 4208 1534 4289 umen)

213 4295 302 4372 tulit,
332 4306 373 4359 ret
392 4293 541 4358 dictator
561 4292 690 4374 (Sulla)
711 4314 811 4377 quem
835 4296 932 4358 vellet
960 4295 1084 4360 ciuium
1110 4297 1240 4362 indicta
1266 4320 1373 4365 curma
1393 4300 1532 4387 impsum

210 4401 329 4471 posset
349 4387 536 4453 occideret
580 4388 619 4450 de
641 4387 749 4472 Legg.
773 4387 803 4452 Ι.
827 4389 885 4464 16,
910 4390 961 4454 12.

296 4480 497 4574 'epaphra
512 4475 543 4548 δ’
562 4477 651 4571 αὐτῷ
665 4477 794 4546 πάντων
811 4477 906 4548 ἄδεια
924 4484 987 4549 τῶν
1003 4479 1199 4571 γεγονότων,
1212 4484 1295 4577 πρὸς
1310 4491 1345 4555 δὲ
1361 4485 1399 4555 τὸ
1412 4491 1532 4571 μέλλον

213 4570 343 4652 ἐξουσία
357 4568 529 4655 θανάτου,
548 4569 744 4660 δημεύσεως,
767 4574 982 4664 κληρουχιῶν,
1004 4578 1151 4658 erimine,
1173 4576 1388 4672 uh'pilsioeue,
1411 4584 1529 4673 opell-

212 4666 303 4732 orat
321 4666 494 4749 βασιλείαν
511 4674 568 4735 ecl
586 4658 612 4761 ᾧ
632 4663 789 4753 βούλοιτο
803 4671 1032 4757 χαρίσασθμι.
1074 4671 1243 4740 Plutarch.
1265 4677 1355 4742 Solle
1375 4698 1410 4742 e.
1432 4677 1488 4742 33.

298 4754 399 4834 ‚Hoc
416 4780 479 4843 ego
497 4780 639 4843 quaero,
661 4759 718 4846 qui
736 4771 911 4852 pptucrtmt
931 4763 988 4829 iste
1005 4764 1075 4849 ipsa
1094 4765 1185 4852 lege,
1208 4780 1291 4855 qnae
1310 4770 1355 4835 cle
1369 4770 1527 4857 proscri-

1135 5058 1152 5107 ἱ
