3202 5318
552 319 704 387 lunnx
723 320 907 389 Leonta.
1327 325 1389 391 2⁰⁷

64 464 269 547 deligasse
290 461 385 553 omni
401 464 533 545 populo
554 474 619 527 ete.
644 461 820 546 significari
847 474 974 547 putant.
1018 463 1103 528 Nam
1126 467 1224 531 verbe
1243 464 1297 531 illa
1325 488 1389 531 non

64 559 132 625 sine
148 556 198 621 rei
217 555 468 640 exaggeratione
488 557 570 619 dieta
592 569 679 621 etant.
723 557 845 635 Immo,
870 571 904 621 nt
926 558 1036 622 brevis
1054 558 1131 634 eim,
1154 580 1208 623 ree
1220 562 1302 625 haec
1317 558 1391 625 tuit.

64 654 191 719 Edebat
211 662 396 715 accussator
414 649 445 723 in
462 651 691 716 sodaliciorum·
704 649 822 717 iudicio
837 663 991 736 quattuor
1005 651 1125 729 tribea,
1149 674 1283 737 quarum
1298 675 1390 719 unam

63 771 138 815 rens
166 744 339 819 reiciebat3
373 765 414 807 ex
442 744 542 809 tribue
572 744 704 828 reliquis
736 745 866 829 legebat
898 760 1083 812 accusentur
1115 747 1234 811 iudices
1261 749 1324 824 ite,
1355 759 1394 813 ut

64 863 157 908 nemo
180 862 292 905 eorum
314 860 332 902 a
352 860 411 903 reo
427 839 503 902 reici
521 849 645 922 posset.
690 841 741 903 Ita
759 840 944 905 Laterensis
966 841 1173 918 Lemoniam,
1197 842 1390 920 Ufentinam,

66 934 324 1008 Crustuminam,
349 946 381 996 et
404 933 562 996 Maeciam
586 933 747 1008 ediderat,
772 955 904 1017 quemme
927 947 1121 1018 postremam
1142 937 1296 1001 Plancina
1314 937 1396 1001 reis·

65 1041 165 1105 cerat.
209 1029 305 1093 Patet
332 1029 397 1091 hoc
423 1048 465 1090 ex
490 1027 597 1091 verbis
626 1025 668 1093 C.
696 1028 800 1091 XVI.
823 1033 854 1104 §.
878 1028 931 1091 38.
952 1049 1048 1110 supra
1071 1030 1181 1095 adlatis
1212 1042 1244 1095 et
1272 1051 1314 1097 ee
1338 1034 1393 1094 ad·

64 1123 229 1190 notatione
251 1120 435 1203 interpretis
460 1120 683 1197 Ambrosiani,
708 1121 763 1204 qui
785 1123 825 1183 ad
849 1120 890 1186 C.
912 1122 993 1187 XV.
1016 1129 1045 1199 §⁴
1067 1123 1122 1187 36.
1165 1129 1287 1210 Neque
1303 1125 1397 1189 errim

64 1217 249 1303 quicquam
269 1250 308 1260 -
332 1227 470 1278 secutus
492 1236 528 1279 es
550 1237 585 1296 p.
612 1215 671 1277 tot
696 1238 746 1298 sq.
771 1217 822 1278 ed.
846 1214 931 1279 ntai.
953 1216 1033 1279 haec
1054 1216 1203 1299 scripsit:

151 1311 208 1376 Ad
236 1330 295 1384 eu,
325 1321 516 1392 quaesunt
544 1310 757 1384 necessaria,
790 1308 960 1373 conclusis
983 1310 1162 1392 prioribus
1186 1314 1329 1390 transit,
1362 1327 1396 1380 et

60 1404 217 1491 potuisse
239 1407 461 1466 Laterensem
482 1402 528 1466 ‹le¹
545 1403 678 1467 ambitu
695 1420 878 1483 accware
899 1402 1100 1486 siguificat,
1129 1405 1199 1469 nisi
1218 1409 1398 1474 maluisset

65 1500 196 1565 idcirco
223 1519 321 1561 reum
345 1499 419 1581 lege
444 1497 579 1561 Licinia
588 1496 740 1587 facere,
771 1509 811 1559 ut
832 1498 971 1561 liaberet
992 1498 1122 1562 iudices
1148 1500 1322 1575 editicios,·
1353 1502 1395 1566 de

66 1594 167 1658 cuius
184 1589 320 1684 forma
351 1603 383 1652 et
411 1592 596 1654 acerbitate
617 1592 689 1654 iam
717 1612 837 1654 sumus
866 1592 902 1654 in
929 1604 1136 1675 argumento
1165 1593 1213 1675 [p.
1231 1594 1305 1658 2⁵3.
1322 1595 1395 1678 On]

61 1687 268 1773 praelocuti.
299 1682 513 1773 Differentiae
527 1685 638 1770 igitur
652 1685 885 1749 accussatoris
899 1686 1095 1749 ostenditur
1111 1686 1190 1750 ideo
1204 1686 1397 1753 invadentis

65 1784 102 1847 in
116 1784 227 1867 legem
243 1779 430 1855 Liciniam,
455 1780 548 1864 qaod
564 1781 714 1844 ambitus
730 1779 875 1862 probari
888 1800 957 1843 uon
972 1779 1102 1863 possim
1124 1780 1165 1842 de
1182 1802 1251 1865 quo
1266 1782 1397 1846 iudices

66 1901 113 1942 ese
129 1876 313 1941 reiectione
333 1874 452 1938 haberi
468 1864 616 1952 soleant,
640 1876 819 1958 aequalem
832 1872 960 1937 scilicet
979 1895 1161 1943 numerum
1179 1875 1397 1941 reicientibus

66 1984 139 2036 tam
157 1980 378 2034 accussatore
395 1991 498 2055 quam
517 1991 586 2034 reo.
632 1972 762 2035 Verum
781 1980 898 2051 specta
919 1967 1076 2033 licentius
1100 1989 1235 2033 omnem
1253 1983 1397 2034 contex-

67 2077 141 2131 tum
168 2062 306 2128 leuius.
335 2108 344 2126 .
370 2107 380 2125 .
407 2109 416 2126 .
446 2076 484 2127 ut
511 2063 708 2145 intellegas,
740 2075 915 2126 oratorem
941 2083 1036 2126 more
1057 2063 1204 2145 speciem
1224 2065 1398 2147 quandam

70 2202 180 2224 ....
210 2159 246 2222 in
274 2158 413 2222 modum
438 2157 726 2241 praescriptionem
736 2154 850 2247 facta
874 2169 1014 2221 senatus
1037 2157 1186 2221 consulti
1213 2157 1396 2235 mentione,

68 2254 127 2339 qui
150 2252 338 2317 secundum
364 2255 475 2336 legem
504 2251 674 2315 Liciniam
700 2262 866 2334 quattuor
894 2251 950 2314 edi
975 2251 1089 2315 tribus
1110 2252 1153 2314 ab
1177 2263 1398 2317 accussatore

68 2346 231 2422 uoluerit,
253 2347 440 2431 exquibus
459 2368 520 2408 reo
536 2346 653 2408 liceret
668 2367 773 2409 unam
790 2345 992 2427 repudiare,
1015 2357 1056 2409 ut
1070 2346 1111 2408 de
1127 2345 1240 2408 tribue
1256 2345 1399 2430 reliquie

69 2442 222 2507 iudicum
244 2441 384 2503 baberet
405 2441 606 2511 editionems
624 2449 739 2500 tamen
762 2438 808 2500 ab
826 2449 1044 2502 accussatore
1064 2439 1114 2500 sie
1128 2437 1220 2515 steri
1238 2439 1395 2515 ooledsse,

70 2549 107 2600 ut
128 2556 189 2600 eus
210 2535 344 2609 ederet,
369 2554 455 2618 quas
472 2542 655 2615 corruptae
678 2555 701 2594 a
719 2531 903 2595 candidato
925 2532 1184 2595 criminaretur.
1228 2532 1294 2597 Hic
1316 2555 1399 2598 vero

67 2629 267 2696 Laterensis
294 2632 453 2693 noluerat
474 2629 569 2712 ipsas
597 2626 713 2701 edere,
749 2624 871 2709 quibus
901 2626 1033 2690 dicebat
1054 2626 1238 2711 pecuniam
1265 2627 1396 2692 datam.

70 2726 193 2811 Utique
207 2727 378 2800 consulte,
402 2745 443 2787 ne
462 2744 540 2799 reo,
564 2742 588 2783 a
605 2741 673 2805 quo
685 2718 869 2802 pecuniam
886 2732 1126 2802 sumpserant,
1139 2717 1278 2810 favore
1292 2721 1398 2787 tacita

66 2817 385 2903 patrocinarentur.
429 2816 539 2902 Quasi
567 2835 696 2897 negare
725 2813 840 2898 itaque
866 2814 1063 2896 temptauit,
1097 2814 1274 2879 accussari
1293 2835 1398 2899 posse

71 2914 143 2998 lege
167 2911 302 2977 Licinia
328 2910 522 2984 Plancium,
556 2908 694 2992 quando
716 2908 785 2971 sint
811 2908 901 2972 aliae
927 2910 1038 2972 tribus
1067 2909 1197 2982 editae,
1233 2929 1293 2972 uec
1318 2909 1398 2973 illae

68 3007 318 3089 potissumum,
343 3028 429 3089 quae
450 3005 637 3086 sumpsisse
656 3003 837 3086 pecuniam
856 3004 1069 3078 dicerentur,
1093 3016 1125 3066 et
1149 3024 1235 3086 quas
1253 3002 1330 3068 ideo
1347 3007 1400 3067 vel

73 3122 236 3164 maxume
257 3113 398 3162 senatus
420 3099 475 3160 edi
496 3100 677 3173 voluisset,
702 3110 739 3161 ut
760 3111 793 3161 et
814 3096 1006 3161 iudicarent
1029 3110 1062 3161 et
1089 3098 1322 3161 testimonium
1348 3101 1400 3163 vel

72 3208 195 3258 contra
211 3217 310 3256 reum
328 3197 380 3256 vel
391 3215 458 3276 pro
473 3215 532 3256 reo
546 3217 593 3254 ex
606 3194 684 3275 ipsa
696 3194 839 3255 veritate
853 3193 1087 3276 perhiberent,
1112 3192 1171 3276 qui
1190 3191 1264 3255 sine
1281 3192 1397 3269 dubio,

72 3288 154 3373 quid
175 3300 264 3351 esset
286 3301 370 3370 aput
393 3286 529 3349 tribulis
549 3307 633 3349 suos
654 3300 808 3371 gestum,
833 3299 972 3370 optume
994 3288 1132 3350 seirent.

157 3383 270 3464 ltaque
299 3394 414 3463 sponte
438 3380 499 3442 iam
526 3381 711 3455 concidunt,
744 3402 825 3464 quiae
849 3382 1014 3443 Manutius
1041 3391 1071 3443 et
1098 3381 1311 3457 Garatonius,
1343 3384 1398 3446 de·

75 3477 157 3560 cepti
184 3476 336 3538 verietate
366 3476 559 3557 scripturae,
584 3496 664 3559 quam
693 3474 732 3539 C.
756 3474 856 3538 XVI.
881 3481 911 3552 §.
935 3476 986 3539 38.
1006 3475 1039 3549 ,in
1067 3474 1175 3537 verbis
1195 3497 1276 3539 nam
1296 3480 1399 3543 Mae-

74 3572 181 3647 ciam,
212 3592 272 3653 pro
298 3570 412 3654 quibus
438 3569 551 3633 vitiose
581 3569 611 3631 in
639 3569 727 3632 libris
755 3569 855 3632 malac
881 3583 975 3634 notae
1002 3591 1084 3632 nam
1105 3570 1244 3633 tertiam
1267 3569 1397 3656 legitur,

74 3669 112 3728 de
133 3666 235 3728 tribus
259 3665 405 3727 tribubus
427 3666 467 3727 ab
492 3675 692 3728 neccessatore
714 3664 804 3727 editis
823 3663 992 3728 commenti
1006 3676 1094 3728 seint.
1139 3664 1209 3744 Qun
1231 3666 1269 3727 de
1290 3686 1401 3731 caussa

74 3758 296 3826 adnotationes
320 3764 431 3822 eo'rum
456 3759 486 3822 in
507 3759 604 3822 imum
626 3757 801 3843 marginem
824 3759 876 3822 hic
894 3758 1016 3823 reicere
1039 3757 1113 3821 satie
1136 3757 1246 3840 putavi
1257 3760 1293 3838 ¹).

75 3882 386 3895 -————-

151 3959 174 4026 ¹)
205 3955 375 4013 lllenutius:
396 3952 532 4024 ,indicat
551 3954 598 4010 hie
618 3953 722 4021 loeus,
743 3951 795 4010 nlsi
816 3963 878 4010 tres
898 3950 994 4011 tribue
1011 3964 1187 4011 eecmsetor
1202 3951 1320 4022 ederet,
1339 3965 1402 4012 ten·

73 4044 148 4101 tiam
162 4061 180 4097 e
199 4060 252 4097 reo
272 4042 345 4096 reici
362 4038 525 4114 potuisse.¹’
565 4037 709 4094 Similiter
725 4038 907 4095 Gamtonius
926 4038 999 4096 Cur.
1016 4038 1086 4097 Sec.
1102 4058 1131 4114 p.
1148 4041 1278 4098 28-30.
1302 4036 1399 4108 ,Bam

74 4149 141 4183 uem
161 4133 249 4179 ettam
266 4144 334 4182 cum
354 4125 419 4181 eliis
440 4122 598 4188 mendose,
620 4133 720 4179 tamen
741 4141 778 4179 er
797 4142 868 4179 svera
890 4124 1019 4181 lectione
1038 4124 1197 4190 Maestum,
1225 4140 1315 4198 qnam
1334 4124 1399 4183 nef.

74 4212 286 4276 conservavit,
315 4211 362 4267 eui
383 4209 502 4285 quidem
523 4209 649 4283 propius
669 4205 816 4263 accedunt
836 4209 936 4266 Oxou.
960 4210 1102 4285 quinque.
1143 4207 1222 4264 Tres
1242 4209 1321 4264 enim
1346 4210 1402 4266 lte·-

74 4298 148 4358 bent
174 4300 312 4363 Mettum,
343 4314 419 4351 uitus
447 4301 563 4347 mortam
593 4302 622 4348 et
645 4290 718 4346 alter
740 4297 770 4340 m·
795 4299 892 4349 eciem.
932 4293 1032 4368 Atque
1049 4292 1114 4349 illut
1136 4299 1165 4343 m·
1188 4309 1225 4348 er
1244 4292 1283 4344 M
1298 4311 1353 4351 een
1374 4315 1402 4350 ιι

74 4383 239 4461 profluxit,
267 4401 304 4438 ex
326 4399 386 4457 qno
406 4381 456 4436 alii
475 4377 658 4435 numeralem
679 4386 781 4432 notem
800 4376 854 4434 lll.
876 4375 1059 4442 effecerunt,
1086 4395 1162 4453 qnae
1183 4374 1283 4432 multis
1302 4378 1402 4440 isendi

73 4471 146 4535 fnit3
180 4470 318 4542 inprimis
349 4469 408 4541 ipsi
437 4466 590 4529 blanutio,
621 4466 671 4539 qni
697 4481 765 4519 cnm
793 4470 909 4516 tertiare
935 4464 1119 4529 invenisset,
1148 4461 1184 4518 de
1210 4460 1401 4525 Crustumina

74 4555 239 4619 intellexit,
261 4572 336 4629 quae
355 4554 443 4608 tertio
463 4554 634 4607 nominatur
647 4549 732 4614 lnco;
754 4548 868 4605 Maecia
887 4557 996 4624 quarto
1013 4566 1094 4604 nune
1110 4546 1248 4607 edditsst.
1287 4549 1402 4625 Quam.

74 4659 165 4717 qnam
184 4639 257 4695 haec
277 4656 344 4693 eum
366 4634 558 4712 sequentibus
579 4635 718 4691 videntur
736 4650 881 4709 pugnare.
923 4631 1013 4704 Quod
1031 4634 1057 4688 ei
1074 4632 1150 4690 dnae
1166 4643 1282 4694 tanturn
1303 4638 1401 4697 tribus

76 4726 113 4783 ed
135 4721 328 4783 indicendum
350 4733 437 4777 erant
457 4720 605 4788 edendae,
628 4730 660 4776 ut
682 4720 832 4794 suspicari
853 4718 943 4785 lieet,
965 4717 1104 4775 consulto
1122 4717 1274 4781 Menetine
1293 4722 1401 4782 lectio-

76 4828 144 4868 nem
168 4809 251 4866 illnm
270 4826 354 4864 suam
374 4806 533 4882 delegerit,
555 4823 647 4882 enque
667 4806 768 4863 verior
788 4803 1003 4862 existumenda.
1044 4802 1126 4876 Quid
1139 4815 1187 4863 est
1202 4808 1297 4878 enin,
1318 4808 1400 4884 qnod
