3202 5318
593 307 1022 391 anucco-munus,
1225 246 1230 255 ’
1418 313 1461 389 cs

137 458 193 570 qui
228 468 326 565 negat
348 476 416 526 eain
438 452 631 527 Ciceronem
653 476 716 527 tam
746 463 865 528 rustice
894 463 1146 549 improbaturum
1175 458 1287 529 luisse.
1339 465 1404 530 Sed
1428 462 1462 528 in
1506 478 1509 485 '

134 556 249 639 primis
280 568 440 640 repugnat
463 558 595 622 verbnm
617 570 750 621 aetam:
783 561 870 643 quod
891 554 1029 635 indicat,
1061 557 1136 622 huic
1156 557 1303 639 fabulae,
1337 563 1377 625 de
1398 581 1467 646 qua-

135 650 275 729 dicitnr,
300 650 453 733 Quintum
476 650 674 715 interfuisse.
727 652 841 736 Itaque
864 652 1028 717 Manutius
1051 663 1160 735 putat,
1189 652 1340 736 capienda
1362 657 1462 720 verba

133 765 206 809 esse
237 747 279 809 de
309 743 483 821 convivio,
517 766 671 831 perquam
700 744 791 809 simili
819 746 972 810 convivio
1001 746 1033 809 in
1064 746 1174 831 sabula
1200 748 1304 832 aliqua
1333 750 1462 833 Sopho·

133 838 212 915 elis,
245 838 299 903 cui
320 836 501 904 interfuerit
523 839 682 920 Quintus,
705 852 737 903 et
760 838 792 901 in
816 861 881 923 quo
903 840 977 923 quid
1000 840 1062 904 sibi
1080 841 1246 918 acciderit,
1271 862 1462 906 commemo·

133 933 215 997 rarit
236 933 346 1013 fratri.
395 935 460 997 Sed
483 932 663 998 huiusmodi
681 932 862 997 convivium
888 955 952 1000 non
979 946 1085 1017 aptum
1111 935 1236 999 ridetur
1258 936 1461 1019 Sophocleae

131 1026 337 1113 tragoediae.
382 1026 468 1093 Mihi
493 1027 526 1090 iu
551 1040 686 1095 mentem
710 1038 865 1091 venerunt
886 1035 1060 1111 οοφοκλείς
1083 1028 1220 1093 Pliniani
1246 1029 1383 1115 Ep.11.
1406 1030 1461 1095 16.

132 1120 349 1199 landieoens',
384 1120 534 1204 parasiti,
570 1120 629 1207 qui
648 1122 800 1188 coenrslae
829 1141 924 1185 causa
956 1121 1100 1208 quamvis
1126 1122 1278 1208 indignos
1307 1125 1459 1204 laudant,

133 1227 169 1285 et
195 1218 238 1279 ab
258 1217 296 1280 iis
316 1226 387 1278 acta
414 1227 447 1279 et
467 1214 549 1279 dicta
576 1215 678 1282 omnia
702 1218 815 1297 σοφοῖς
837 1214 920 1279 dicta
943 1229 974 1280 et
995 1226 1064 1278 acta
1086 1216 1235 1280 clamant.
1259 1239 1291 1284 ν.
1313 1230 1464 1283 auctores
1518 1292 1522 1301 ¹

134 1312 285 1376 laudatos
305 1309 386 1375 Intt.
410 1312 450 1373 ad
467 1309 620 1375 Plinium.
666 1309 781 1375 Fuisse
803 1330 886 1392 ergo
910 1308 1035 1375 videtur
1057 1308 1088 1373 in
1110 1311 1280 1390 convivio,
1303 1312 1334 1378 io
1356 1332 1462 1399 eoqrre

136 1407 287 1471 baberisse
308 1411 516 1483 συνδείπνους
531 1402 700 1488 parasitos,
723 1415 777 1467 aut
791 1402 971 1487 parasiticis
984 1415 1071 1469 certe
1088 1405 1243 1471 moribus.
1267 1406 1340 1473 Hos
1352 1428 1462 1489 qrresn-

138 1498 326 1577 admodnns,
359 1521 455 1585 quam
487 1498 589 1582 lepide
625 1509 656 1561 et
690 1498 805 1563 festive
842 1497 981 1574 vexarit,
1021 1512 1328 1564 commemoraverat
1353 1501 1460 1567 fratri.
1507 1502 1511 1512 ’

138 1592 255 1678 haqtre
285 1593 447 1659 latendum
476 1614 546 1657 esse
579 1593 770 1674 respondet,
804 1590 909 1675 lepide
941 1593 981 1654 ab
1007 1613 1047 1657 eo
1075 1603 1176 1656 actam
1206 1593 1290 1657 illam
1318 1594 1461 1660 fabulam

137 1687 347 1772 (frequentes
380 1687 460 1750 enim
492 1698 667 1751 occurrunt
698 1687 730 1749 in
756 1684 962 1751 Comicorum
991 1685 1105 1750 labulis
1128 1687 1290 1770 parasiti),
1314 1691 1371 1752 sed
1393 1710 1461 1753 mm

138 1782 197 1847 sibi
220 1782 323 1847 nihilo
346 1780 449 1845 tainus
475 1802 538 1845 non
564 1779 716 1863 probari,
741 1780 824 1844 velle
846 1801 900 1855 se,
929 1781 1048 1844 factrun
1070 1802 1134 1844 non
1156 1802 1230 1855 ,esse
1250 1794 1303 1845 aut
1322 1783 1459 1862 dictum,

137 1879 226 1963 quod
250 1875 372 1940 laetum
400 1875 583 1961 dictumque
609 1873 801 1959 scripsisset.
831 1875 918 1939 Ean.
967 1876 1057 1939 Vcra
1077 1875 1172 1942 lectio
1192 1887 1241 1940 est
1266 1871 1462 1944 Zoroastreos

136 1972 368 2053 Σοφοκλέους
402 1981 435 2033 et
463 1971 526 2034 lroc
558 1971 665 2032 drama
692 1967 840 2033 nonfuit
870 1969 1056 2054 'l'ragoedia
1083 1972 1141 2034 sed
1166 1970 1275 2034 fabula
1299 1969 1459 2049 satyrica.

137 2064 202 2131 lles
222 2064 293 2148 ipsa
308 2076 412 2128 manet
431 2065 587 2139 obscura,
611 2061 684 2147 quia
701 2061 777 2146 quid
791 2063 874 2126 inter
888 2062 1041 2144 Quintum
1059 2076 1089 2127 et
1104 2062 1258 2128 convivas
1275 2062 1342 2129 eius
1357 2076 1460 2128 actum

136 2157 232 2223 luerit
261 2179 400 2243 prorsus
427 2158 624 2245 ignoramus.
675 2157 711 2220 S.
741 2155 840 2221 Conl.
871 2160 915 2222 G.
946 2156 1151 2223 Dincortm
1173 2159 1305 2244 Fragm.
1329 2160 1460 2242 Sopho-

137 2254 190 2317 clis
212 2274 248 2337 p.
270 2252 326 2317 35.
374 2304 378 2311 .

219 2340 538 2434 Σονδιημνρεὺομον,
565 2345 670 2410 οἰοιοῖ
698 2346 790 2410 diem
816 2346 1039 2411 conterimus.
1067 2348 1107 2409 ad
1131 2348 1204 2412 Att.
1227 2348 1330 2414 VIII.
1354 2350 1392 2425 9,
1427 2348 1460 2412 3.
1523 2382 1529 2404 ι

219 2444 447 2526 Συνηγωνίων.
471 2440 550 2504 Vitl.
573 2441 799 2525 Συναγωνιᾲν.

220 2538 294 2605 Etr
311 2540 380 2618 3εῷ
397 2562 448 2602 τοι
474 2540 570 2619 λέγω,
595 2534 664 2597 ds't's
686 2534 883 2599 iuuantibus
904 2535 992 2599 dico.
1023 2534 1065 2599 etl
1081 2537 1152 2601 Au.
1175 2535 1222 2599 X.
1248 2537 1304 2613 10,
1329 2537 1360 2602 3.
1385 2537 1461 2601 Ma·

139 2630 243 2695 nntius
267 2632 350 2695 baec
377 2629 543 2715 distinguit
564 2627 627 2693 sic:
659 2624 720 2695 osis
743 2632 817 2710 bed.
848 2631 913 2697 Tol
937 2634 1037 2714 le‘ym,
1067 2642 1101 2692 ut
1122 2629 1176 2692 illa
1195 2650 1266 2695 essm
1283 2629 1461 2713 superiori·

140 2730 196 2790 lum
220 2724 475 2809 coniungantur,
509 2722 573 2787 hoc
597 2722 657 2785 sit:
691 2722 754 2785 tibi
775 2722 865 2787 dico.
916 2721 1072 2788 Dorictrm
1094 2723 1173 2787 illud
1194 2750 1243 2791 sos
1265 2724 1372 2810 arguit
1392 2747 1461 2789 esse

140 2820 326 2903 particulam
349 2818 418 2883 noti
439 2829 505 2881 tum
535 2816 697 2881 versiculi.
742 2819 828 2882 Enu.

221 2914 395 2988 Σύνναος,
420 2910 690 2976 contubernalis.
751 2913 864 2993 „Eum
898 2911 1111 2993 (Caesarem)
1146 2909 1288 2981 σύνναον
1322 2913 1460 2993 Quirino

141 3011 221 3074 malo
248 3030 343 3092 quam
365 3006 505 3071 Saluti.''
550 3009 590 3069 ad
612 3010 684 3071 Au.
709 3006 793 3071 XII.
818 3008 875 3084 115,
905 3009 936 3072 3.
981 3006 1079 3072 Conl'.
1111 3012 1149 3071 ad
1178 3013 1249 3072 Au.
1272 3010 1374 3074 XIII.
1401 3009 1458 3086 28,
1491 3000 1496 3009 ’

140 3104 174 3166 3;
199 3101 332 3185 ,Quidt
354 3111 389 3165 tu
410 3103 493 3165 lrunc
508 3105 546 3163 de
567 3122 697 3184 pompa,
722 3100 848 3183 Quirini
870 3102 1158 3180 contubernalem,
1183 3103 1230 3167 bis
1253 3102 1371 3168 nostris
1391 3124 1461 3168 mo·

140 3197 257 3261 deratis
279 3195 427 3279 epistolis
452 3195 639 3259 laetaturum
671 3194 807 3278 putas?”
830 3230 871 3240 -
914 3196 969 3260 Dii
1002 3191 1139 3264 oivsaos
1172 3207 1267 3274 surm,
1301 3197 1354 3283 qui
1382 3208 1462 3260 tem-

138 3292 190 3375 plo
214 3290 375 3355 communi
397 3290 564 3365 coluntur,
588 3289 706 3353 similes
721 3289 779 3352 diis
795 3295 988 3379 παρίὸροις,
1013 3294 1051 3354 de
1070 3292 1185 3375 qrribus
1201 3291 1258 3356 diis
1274 3295 1460 3375 παρέδροις,

139 3384 354 3450 assessoribus
381 3407 408 3449 s.
439 3383 738 3460 contubernalibus,
771 3395 818 3447 est
840 3386 954 3448 doctiss
978 3383 1105 3448 libellus
1131 3384 1183 3449 Cl.
1208 3384 1356 3448 Arnaldi.
1380 3386 1463 3472 Sunt

142 3479 233 3542 etiam
264 3475 453 3564 σύμβωμοι.
485 3501 517 3541 ν.
551 3479 723 3561 Spaohem.
754 3478 793 3540 de
819 3499 877 3541 usu
903 3489 935 3541 et
960 3489 1080 3561 praest.
1110 3480 1206 3541 Ilum.
1234 3477 1323 3541 Diss.
1356 3478 1403 3540 X.
1427 3498 1460 3559 p.

143 3573 210 3640 130.
254 3574 344 3638 Dicti
366 3571 588 3649 Ciceroniaui,
620 3594 685 3656 quo
705 3571 874 3637 Caesarem
899 3574 1019 3638 mavolt
1041 3571 1167 3654 Quirini
1189 3607 1230 3618 -
1252 3593 1346 3661 quam
1370 3570 1461 3632 Salu-

143 3666 178 3729 tis
202 3702 238 3715 -
265 3661 424 3743 σονναον,
453 3666 533 3729 haec
556 3664 604 3729 ris
628 3677 694 3728 est:
719 3665 811 3729 malle
833 3687 867 3729 se
890 3663 1062 3729 Caesarem
1084 3676 1221 3749 propter
1243 3664 1458 3746 tyrannidem,

145 3774 174 3824 nt
204 3760 380 3828 Romulum
414 3772 549 3845 propter
575 3759 741 3824 severiora
769 3757 915 3843 imperia,
950 3759 1104 3838 interfici,
1139 3780 1232 3847 quam
1260 3759 1383 3824 salvum
1409 3759 1461 3821 dia

145 3878 223 3921 esse.
268 3858 356 3921 Eun.

224 3950 420 4028 Συννοοεῑν,
448 3971 519 4014 una
546 3961 743 4035 aegrotare.
795 3948 929 4026 „Cura,
963 3951 1076 4013 amabo
1102 3960 1154 4025 te,
1191 3946 1381 4013 Ciceronem
1402 3968 1461 4010 no-

143 4057 258 4109 strum:
292 4047 324 4109 ei
344 4067 403 4109 nos
426 4059 595 4112 συννοσεῖν
619 4045 774 4108 videmur.
787 4044 805 4072 '’
853 4047 891 4109 ad
915 4046 987 4108 Au.
1011 4043 1060 4107 Il.
1084 4044 1120 4120 2,
1157 4044 1189 4105 1.
1245 4044 1331 4106 Ante
1361 4041 1461 4103 Schu-

143 4140 237 4203 tsiunr
259 4139 429 4225 legebatur
450 4147 553 4207 brios:
581 4143 668 4225 quod
692 4137 775 4203 vide.

219 4236 386 4310 Συνοδία,
409 4236 604 4298 coniunctio
626 4235 662 4296 in
686 4234 757 4310 via,
783 4236 929 4298 societas
944 4233 1092 4311 itineris.
1116 4231 1173 4305 „Si
1195 4228 1244 4292 vir
1262 4251 1330 4292 esse
1353 4229 1458 4305 volet,

143 4332 302 4408 praeclara
332 4334 487 4395 συνοδίας
521 4330 570 4392 sin
598 4340 701 4392 autem
725 4363 765 4372 -
795 4329 910 4391 erimus
937 4349 997 4392 nos
1022 4326 1078 4412 qui
1104 4324 1282 4392 solemus.''
1326 4326 1364 4389 ad
1387 4326 1458 4390 Au.

87 4590 89 4595 ,
218 4514 422 4605 Σύνταγμα,
454 4541 561 4603 opus,
594 4515 811 4600 compositio.
868 4569 884 4599 ,‚
898 4515 985 4579 Illud
1010 4535 1092 4577 nstoc
1122 4522 1194 4577 ate
1215 4524 1308 4596 peto,
1332 4513 1359 4579 si
1377 4511 1457 4593 eris,

87 4606 89 4633 ²
147 4625 173 4675 rt
191 4636 309 4698 spero,
341 4612 482 4692 otiosus,
505 4611 634 4696 aliquod
656 4614 695 4673 ad
716 4630 792 4687 nos,
818 4622 852 4673 ut
874 4608 1083 4695 intelligamus
1106 4628 1165 4673 nos
1183 4607 1241 4670 tibi
1258 4628 1353 4673 curae
1368 4629 1458 4684 esse,

150 4702 311 4794 π’νταγμο
334 4706 559 4772 conscribas.’'
583 4708 623 4768 ad
644 4706 736 4769 Fam.
760 4703 862 4767 VIII.
886 4702 924 4779 3,
948 4702 980 4766 3.
1004 4732 1040 4745 -
1067 4702 1167 4788 „Ego
1187 4702 1238 4767 hic
1260 4706 1324 4770 duo
1345 4723 1460 4787 magna

153 4796 356 4892 συντάγματα
379 4800 545 4868 absolvi.’'
575 4798 897 4876 austrannus,
921 4798 954 4860 1.
977 4828 1017 4841 -
1060 4844 1075 4873 „
1085 4797 1173 4862 Idem
1194 4793 1365 4884 σύνταγμα
1390 4792 1460 4860 misi
