3202 5318
492 356 645 423 murex
663 334 1015 425 rouuunaunu.
1254 308 1256 313 ’
1350 356 1411 422 111

97 511 163 577 est,
197 501 289 566 loeus
314 498 386 575 ille,
421 497 474 562 ubi
506 508 677 562 crematum
707 509 755 560 est
779 517 915 580 corpus,
949 496 1026 561 nihil
1054 499 1151 561 habet
1177 496 1333 585 religiosi.
1371 498 1410 561 de

96 599 205 683 Legg.
229 594 267 669 2,
291 593 350 670 22,
375 594 428 658 57.
1162 613 1167 632 ·

179 686 349 752 Gratiae
371 709 389 750 a
411 698 552 751 senatu
575 684 819 750 alicui-actae.
861 685 900 749 ln
921 686 956 749 S.
975 684 1015 752 C.
1033 685 1108 749 mihi
1126 686 1280 771 gratiae
1304 685 1409 750 verbis

94 781 294 865 amplissimis
317 793 508 867 aguntur,
532 782 620 864 qttod
635 779 752 842 virtute
767 777 900 843 consilio
915 779 1116 861 providentia
1131 801 1198 843 mea
1215 780 1409 862 respublica

93 875 243 958 periculis
264 875 307 939 sit
328 875 472 939 maximis
494 874 639 938 liberata.
661 871 694 936 111
716 871 815 941 Catil.
839 873 877 949 3,
902 874 939 950 6,
967 875 1021 937 11.
1065 870 1141 937 (111.
1160 894 1222 955 pro
1247 873 1334 937 Sulla
1354 874 1407 951 30,

93 971 147 1033 85.
191 968 336 1054 Philipp.
361 973 399 1046 1,
424 971 463 1046 1,
487 968 520 1032 3.
782 984 788 996 ·

178 1063 340 1126 Gratius
362 1066 542 1149 agendas
563 1062 802 1126 civitatibus
825 1061 892 1139 iis,
917 1083 1015 1145 quae
1031 1061 1409 1127 M.'l'ulliumcirem

92 1158 246 1239 optime
269 1161 312 1221 de
333 1179 376 1221 11
400 1157 566 1241 publica
589 1156 776 1221 meritum
797 1158 1068 1238 recepissent,
1092 1157 1259 1221 universus
1282 1168 1410 1221 senatus

94 1253 227 1317 censuit.
259 1274 322 1336 pro
345 1252 522 1326 (11111132,
547 1251 600 1315 85.

178 1346 468 1429 [Haruspicum
490 1365 699 1427 respousa.
722 1346 924 1426 Responsum
940 1343 1139 1428 haruspicum
1158 1348 1223 1410 hoo
1241 1366 1354 1412 recens
1368 1348 1409 1410 de

93 1440 222 1504 fremitu
243 1441 275 1504 io
298 1441 448 1505 contione
473 1439 619 1504 recitavit
641 1441 684 1505 Ρ.
708 1438 860 1513 Clodius,
884 1439 917 1502 in
938 1461 1091 1524 quocum
1115 1439 1184 1503 aliis
1203 1440 1308 1505 multis
1329 1439 1410 1504 scri-

95 1547 185 1616 ptum
203 1535 390 1599 etiam-illud
413 1545 481 1599 est:
504 1537 613 1598 Loca
636 1555 750 1597 sacra
773 1545 812 1595 et
833 1532 1033 1617 religiosa
1055 1535 1229 1616 profana
1250 1531 1410 1598 haberi.

96 1631 136 1690 de
161 1628 334 1710 Haruspic.
362 1650 448 1712 resp.
475 1630 514 1704 5,
539 1629 572 1692 9.
594 1658 636 1674 -
659 1626 775 1709 Quod
802 1626 841 1690 in
867 1649 964 1712 agro
986 1628 1225 1693 Latiniensi
1244 1626 1410 1695 auditos

96 1733 156 1785 est
177 1723 376 1805 strepitus
397 1745 481 1786 cum
504 1720 695 1785 iremituz
736 1719 954 1785 exauditus
982 1722 1018 1784 iu
1050 1743 1150 1808 agro
1172 1722 1412 1809 propinque

94 1829 132 1880 et
152 1818 378 1881 suburbano
402 1828 463 1879 est
484 1815 684 1898 strepitus
706 1815 859 1899 quidam
882 1816 1118 1880 reconditus
1141 1817 1410 1882 ethorribilis

90 1910 279 1974 fremitus
309 1932 519 1975 armorum.
550 1941 591 1954 -·
623 1909 675 1973 De
697 1930 733 1972 ea
757 1931 793 1973 re
818 1909 971 1992 scriptum
999 1924 1066 1974 est:
1100 1913 1411 1981 Postulationes

92 2004 308 2081 melori,
331 2007 525 2080 Saturno,
549 2006 758 2086 Neptuno,
784 2002 960 2080 Telluri,
987 2005 1063 2067 diis
1085 2006 1347 2073 caelestibus.
1370 2044 1413 2061 -

93 2100 236 2164 Ludos
260 2100 384 2162 minus
406 2097 629 2183 diligenter
650 2098 784 2162 iactos
806 2098 1410 2190 1111111111111.11111.11201111.

93 2227 135 2239 -
159 2191 354 2257 Oratores
376 2204 521 2257 contra
542 2192 603 2255 ius
624 2190 770 2274 fasque
793 2191 1062 2257 interiectos.
1096 2194 1181 2258 lbid.
1207 2199 1264 2276 to,
1289 2200 1341 2266 31.
1370 2234 1413 2250 -·

95 2285 230 2352 Fidem
260 2287 382 2354 etius
411 2286 624 2350 iurandum
655 2287 896 2370 neglectum.
931 2286 1014 2349 lbid.
1039 2289 1099 2363 17,
1123 2289 1176 2353 36.
1211 2322 1253 2335 -·
1285 2292 1416 2356 Sacri·

94 2379 194 2443 ficia
223 2393 382 2445 vetusta
411 2381 655 2464 occulteque
684 2378 809 2443 minus
837 2379 1067 2463 diligenter
1096 2382 1203 2447 iacta
1237 2387 1415 2469 polluta·

97 2497 181 2561 que.
225 2476 505 2554 11111137.-
538 2474 693 2538 Moneot:
729 2474 1143 2556 neperoptimatium
1167 2476 1415 2545 discordiam

96 2569 469 2652 dissensionemque
502 2568 687 2651 patribus
721 2567 1058 2652 principibusque
1090 2574 1228 2635 caedes
1258 2574 1415 2656 pericu-
1450 2602 1461 2613 ··

95 2661 213 2746 laque
244 2675 436 2727 creentur
466 2662 696 2746 auxilioque
730 2661 922 2724 deminuti
959 2662 1227 2741 deficiantur,
1266 2691 1340 2753 qua
1370 2690 1416 2735 rc

96 2759 143 2819 ad
164 2778 279 2820 uuum
302 2758 507 2841 imperium
530 2756 772 2839 provinciae
794 2759 979 2833 redeant,
1011 2757 1302 2844 exercitusque
1327 2764 1415 2846 pul·

95 2872 160 2915 sus
194 2851 494 2935 deminutioque
530 2853 709 2913 accedat.
754 2851 840 2913 lbid.
873 2851 932 2925 19,
966 2853 1018 2915 tu.
1050 2887 1091 2898 —
1123 2854 1253 2918 Habent
1284 2858 1416 2923 Etrusci

95 2945 170 3010 libri
189 2957 276 3009 certa
297 2946 446 3020 nomina,
466 2966 547 3028 quae
569 2947 601 3007 io
623 2943 655 3007 id
677 2965 776 3028 genus
799 2944 914 3007 civium
937 2942 1038 3030 (cuius
1054 2948 1179 3030 generis
1195 2961 1262 3011 erat
1276 2951 1318 3015 Ρ.
1336 2949 1417 3016 Clo·

96 3037 198 3125 dius:)
220 3043 332 3103 cadere
353 3051 497 3122 possunt.
540 3039 783 3103 Deteriores
798 3039 984 3119 repulsos
1000 3041 1059 3104 hos
1074 3043 1250 3123 appellant,
1276 3065 1414 3128 quorum

96 3146 127 3198 et
151 3146 270 3197 mentes
293 3144 325 3196 et
346 3155 398 3197 res
423 3145 497 3197 sunt
516 3133 672 3216 perditae.
717 3133 800 3195 lbid.
825 3133 882 3208 25,
906 3134 959 3195 53.
983 3164 1023 3177 -·
1053 3135 1191 3199 Monent
1216 3158 1261 3200 ne
1284 3132 1416 3205 occul·

96 3228 151 3293 tis
179 3227 368 3291 consiliis
391 3249 454 3290 res
482 3227 648 3307 publica
672 3226 864 3288 laedatur.
911 3226 995 3289 lbid.
1020 3228 1077 3302 26,
1101 3230 1154 3293 55.
1178 3266 1218 3278 -
1242 3232 1412 3317 Sequitur:

97 3344 144 3385 ne
166 3323 446 3385 deterioribus
470 3320 730 3403 repulsisque
752 3321 880 3383 honos
903 3333 1114 3403 augeatur.
1138 3325 1221 3391 lbid.
1244 3333 1275 3403 §.
1300 3329 1352 3394 56.
1372 3364 1414 3379 ·-

98 3417 157 3478 Ne
179 3417 236 3479 rei
257 3417 445 3498 publicae
468 3426 596 3477 status
618 3424 901 3479 commutetur.
943 3416 1109 3492 11111127,
1134 3419 1203 3500 60.]
1237 3424 1241 3437 ’

183 3510 378 3573 Heredem
401 3511 536 3572 facere
559 3509 705 3591 aliquem.
743 3508 961 3584 (11011113,
988 3509 1043 3586 18,
1070 3513 1122 3575 71.
1146 3543 1185 3555 ··-
1216 3516 1413 3579 Heredem

96 3603 291 3667 scribere.
327 3607 365 3666 de
389 3604 482 3667 offic.
505 3602 542 3679 3,
569 3602 626 3677 18,
652 3601 705 3664 13.

106 3760 111 3775 ,
182 3698 400 3762 Hereditas
427 3708 474 3759 111
497 3697 646 3778 pecunia,
682 3717 762 3779 quae
790 3708 892 3758 morte
917 3696 1047 3759 alicuius
1073 3700 1113 3760 ad
1141 3700 1319 3783 quempiam
1341 3722 1415 3783 per·

95 3792 185 3858 veuit
206 3793 277 3856 iure
297 3814 357 3855 nec
379 3813 415 3854 ea
436 3803 490 3853 aut
511 3792 615 3873 legata
639 3801 827 3854 testamento
844 3799 897 3851 1111
916 3790 1118 3872 possessione
1137 3806 1271 3859 retenta.
1295 3794 1413 3877 'l'opio

98 3890 137 3963 6,
162 3887 216 3951 29.
251 3922 290 3933 -
326 3890 460 3969 Agere
486 3885 523 3947 in
546 3885 823 3949 hereditatem.
859 3885 1415 3963 Verr.Accus.1,15,1l5.-

98 3981 318 4046 Hereditas
349 3981 468 4043 venit.
506 3981 605 4042 Verr.
637 3981 757 4042 Accus.
789 3982 827 4052 1,
859 3979 919 4052 18,
953 3979 1025 4041 125.
1063 4015 1103 4025 -
1140 3980 1440 4044 Hereditatem-

97 4077 223 4141 adire.
257 4078 358 4140 Verr.
383 4077 503 4139 Aecus.
528 4077 564 4148 1,
590 4072 643 4148 18,
671 4073 744 4136 125.

183 4171 408 4235 Hereditas
439 4166 648 4230 commissa
678 4166 817 4229 alicui.
862 4168 943 4230 Esse
974 4166 1005 4228 in
1035 4188 1074 4230 eo
1108 4178 1314 4244 testamento,
1350 4170 1431 4254 quo'
1469 4216 1472 4223 ·
1502 4160 1508 4171 ’

96 4266 270 4333 Heraclius
292 4268 386 4327 heres
413 4275 496 4324 esset
519 4260 672 4342 scriptus,
697 4273 731 4323 ut
757 4272 876 4323 statuas
896 4261 927 4324 in
947 4263 1103 4344 palaestra
1127 4261 1256 4324 deberet
1278 4284 1415 4344 ponere3

96 4363 267 4435 iaciemus,
292 4371 325 4421 ut
343 4355 543 4440 palaestritae
560 4367 675 4438 negent
692 4376 732 4415 ex
753 4365 940 4418 testamento
960 4376 1028 4418 esse
1043 4354 1182 4436 positas,
1203 4364 1313 4435 petant
1327 4357 1418 4421 here·

98 4455 247 4531 dilatem,
282 4455 370 4538 quod
396 4473 462 4513 eam
492 4449 724 4531 palaestrae
755 4449 1012 4512 commissam
1042 4469 1126 4512 csse
1155 4445 1272 4511 dicant.
1317 4449 1416 4517 Verr.

97 4550 219 4612 Aecus.
244 4550 280 4622 2,
306 4549 363 4623 tt,
388 4548 442 4609 36.

184 4645 324 4706 Heres.
369 4640 463 4704 Nulla
489 4651 536 4701 est
558 4658 715 4720 persona,
739 4659 820 4720 quae
839 4639 878 4700 ad
901 4637 1002 4700 vicem
1027 4638 1116 4716 11111,
1142 4642 1234 4726 quie
1256 4637 1322 4704 vita
1344 4639 1421 4704 emi·

100 4737 262 4821 graverit,
287 4733 421 4816 propius
441 4734 569 4796 accedat
589 4752 686 4821 quam
707 4733 839 4797 heres.
863 4733 901 4796 de
918 4735 1026 4821 Legg.
1051 4734 1090 4812 2,
1116 4737 1174 4815 19,
1197 4732 1251 4809 18.
1273 4771 1315 4783 -
1336 4736 1422 4821 Vult

100 4828 417 4903 Controversia.
985 4826 987 4831 ’
