3202 5318
582 304 734 407 iunnx
753 340 936 409 nucum.
1001 342 1004 347 ·
1358 351 1419 417 227

94 476 154 545 ss'd
174 479 269 543 ctisss
289 480 331 543 ad
353 477 510 562 privatam
529 480 752 563 repetitionem
770 480 990 547 instituendam
1005 481 1177 550 constituta
1195 500 1338 551 erant-
1353 510 1419 577 quo

91 583 377 657 reenpsrttorust,
401 595 539 658 quorum
559 574 675 643 Livius
696 573 845 652 (XLIII.
868 575 915 655 3.)
938 576 1096 652 meminit,
1120 577 1255 645 officium
1271 595 1419 666 spectare

91 666 294 745 vitsms-,
317 664 361 730 ita
381 677 495 749 postea
520 669 682 733 ordinaria
703 687 833 752 quoquo
856 681 887 732 et
912 682 1067 752 perpetua
1092 671 1206 737 iudicia
1227 697 1291 739 non
1316 677 1419 762 impe.

89 759 238 839 disbut,
270 782 338 847 quo
363 760 466 825 minus
494 761 612 845 privati
634 760 785 843 pecunias
809 761 871 825 sibi
891 773 1020 846 ereptas
1042 777 1244 848 repeterent,
1277 773 1331 834 sed
1353 783 1417 837 tass

87 855 129 919 ad
152 876 222 919 rent
251 855 505 941 persequendam
534 874 629 939 quem
658 856 698 916 ad
723 875 860 936 poenam
884 859 1093 941 expetendam
1123 860 1294 925 constituta
1319 862 1419 929 inisse

87 947 257 1014 ridentur.
281 949 356 1036 quin
374 948 466 1012 etiam
480 959 612 1028 practer
633 947 792 1030 publicam
808 948 943 1014 nominis
959 950 1167 1030 delationem,
1192 954 1265 1038 lege
1282 957 1419 1023 Servilia

84 1044 257 1120 deornm,
288 1043 415 1127 privato
438 1040 507 1104 iure
532 1041 694 1126 perlegis
720 1042 879 1106 actionem
902 1053 935 1106 et
956 1043 1083 1128 quidem
1104 1067 1164 1129 per
1186 1061 1416 1115 sacramentum
1458 1080 1465 1089 ·

84 1136 239 1220 pecunias
263 1145 372 1217 captas
396 1154 438 1198 ex
466 1135 592 1220 legibus
620 1134 796 1218 Calpurnia
820 1149 853 1201 et
875 1136 965 1202 lunia
989 1152 1137 1220 repetere
1161 1140 1301 1205 licuisse.
1345 1142 1416 1222 (CI.

85 1231 132 1295 1..
155 1232 251 1295 Serv.
275 1228 361 1312 Cap.
378 1229 480 1294 VIII.
504 1240 574 1294 not.
599 1231 652 1293 15.
674 1230 815 1294 XXIII.
838 1241 908 1295 not.
932 1231 952 1294 3
975 1242 1007 1294 et
1029 1234 1061 1294 t.
1106 1231 1198 1297 Care
1214 1256 1293 1299 vero
1309 1249 1414 1318 putes,

84 1325 168 1388 bene
188 1321 399 1410 Calpurniam
419 1323 524 1409 legem
548 1325 677 1386 eandem
701 1345 786 1402 esse,
817 1346 910 1409 quam
931 1324 1031 1389 Gaius
1054 1326 1133 1401 (IV.
1158 1328 1226 1406 19.)
1247 1326 1319 1393 cuni
1339 1329 1416 1395 Silis

84 1415 269 1503 coniungit3
289 1418 350 1482 bae
368 1415 453 1481 enim
472 1419 513 1479 ad
533 1416 765 1481 condictionem
788 1417 964 1501 pertinent,
988 1430 1099 1483 nostra
1122 1433 1226 1485 autem
1245 1425 1284 1487 ad
1308 1444 1417 1490 sacra·

83 1514 252 1591 meatum.)
295 1512 390 1575 Ilssc
417 1510 577 1594 privatam
604 1509 762 1576 actionem
787 1516 829 1576 ad
856 1513 957 1577 solam
979 1513 1202 1596 repetitionem
1230 1515 1416 1583 instructam

85 1616 120 1668 st
140 1625 179 1670 sa
200 1607 239 1670 de
260 1626 297 1670 rs
318 1605 396 1670 solis
420 1605 517 1670 sociis
536 1604 780 1689 peregrinisque
801 1607 904 1669 datam
925 1605 1041 1683 Iuisse,
1063 1607 1182 1692 quippe
1202 1609 1326 1676 civibus
1344 1615 1417 1678 tto.

85 1699 189 1765 nasis
223 1698 364 1764 inutilem
392 1711 425 1764 et
456 1699 647 1783 superfluam
677 1699 807 1785 (Itaque
832 1701 871 1762 de
904 1720 964 1765 suo
993 1701 1087 1764 etiam
1119 1713 1266 1786 tempore
1294 1702 1415 1773 cicaro

85 1792 281 1876 „nisibus'’,
306 1793 349 1857 ait
372 1814 469 1868 ,cum
491 1804 573 1857 sunt
596 1804 726 1874 ereptae
747 1793 919 1876 pecuniae,
942 1794 1028 1858 cirili
1050 1795 1120 1859 fere
1144 1798 1271 1864 actione
1293 1810 1326 1863 et
1347 1799 1416 1883 pri·

82 1897 161 1952 rats
183 1886 255 1951 iure
281 1898 495 1971 repetuntur.
539 1888 629 1954 Haec
650 1887 704 1950 lex
727 1887 855 1950 socialis
880 1899 943 1963 est,
968 1890 1034 1953 boc
1058 1888 1107 1953 ins
1136 1892 1296 1956 nationum
1326 1907 1415 1958 exte·

81 1999 191 2044 rursm
213 1980 297 2045 est.''
319 1981 432 2046 Dicin.
455 1980 555 2047 Caec.
578 2002 608 2045 c.
632 1982 665 2046 5.
697 1982 795 2045 Item:
820 1980 927 2056 ,Cum
949 1981 1004 2046 lex
1024 1982 1094 2066 ipsa
1116 1986 1155 2047 de
1174 1985 1318 2068 pecuniis
1340 2008 1412 2071 rep.
1476 1996 1479 2001 '

80 2073 247 2140 socioruss
269 2086 366 2161 atquc
391 2075 565 2140 amicorum
587 2074 701 2158 populi
725 2078 824 2139 Rom.
846 2096 942 2139 caum
967 2089 1076 2158 parata
1099 2078 1158 2154 sit,
1185 2080 1326 2165 iniquum
1351 2092 1412 2159 est,

81 2189 148 2234 nos
169 2191 240 2235 sum
262 2171 352 2255 legis
372 2170 542 2256 iudiciique
562 2180 715 2235 actorem
736 2169 884 2234 idoneum
907 2171 1042 2234 maxime
1065 2172 1188 2254 putari,
1213 2195 1306 2258 quem
1326 2187 1415 2241 acto-
1543 2220 1549 2233 .

81 2285 150 2329 rsm
178 2285 292 2329 causae
320 2285 396 2328 suae
422 2299 464 2312 -
490 2263 571 2329 socii
598 2286 668 2328 esse
694 2263 901 2328 voluerunt.''
934 2264 1009 2331 ibid.
1032 2287 1062 2328 c.
1086 2267 1170 2347 20),
1206 2268 1276 2331 inde
1303 2268 1414 2355 colligi

82 2370 209 2443 potest,
242 2361 330 2445 quod
357 2359 410 2424 lex
438 2359 591 2434 Servilia,
626 2380 719 2445 qnam
748 2356 879 2439 primam
907 2356 1029 2422 civibus
1065 2360 1220 2423 Romanis
1251 2361 1412 2446 publi-cau

83 2452 318 2518 accusationem
333 2453 515 2537 permisisse
537 2474 616 2517 mox
639 2450 831 2526 videbimus,
855 2452 981 2515 mutatis
1000 2453 1051 2516 vel
1072 2453 1236 2517 renovatis
1254 2453 1325 2518 fere
1342 2476 1413 2519 om·

84 2546 198 2623 nibus,
219 2568 303 2633 quae
325 2551 366 2610 ad
386 2548 544 2631 publicam
567 2566 692 2609 causam
714 2547 918 2627 spectabant,
943 2548 1007 2610 boc
1023 2544 1184 2628 privatum
1198 2546 1281 2633 legis
1301 2548 1413 2613 Iuniae

85 2653 119 2705 et
138 2639 333 2725 Cslpsmniae
354 2641 501 2706 iudicium
521 2660 587 2705 non
611 2650 762 2703 mutatum
785 2637 928 2702 retinuit.
973 2642 1036 2703 Sed
1051 2662 1087 2704 ea
1102 2641 1410 2719 condemnationem,

85 2754 168 2820 quse
188 2735 320 2820 publico
340 2735 458 2801 iudicio
478 2735 592 2812 liebat,
616 2734 734 2814 duplex
753 2753 859 2815 poena
877 2736 1089 2817 sequebatur,
1113 2734 1213 2798 litium
1232 2735 1411 2801 aestimatio

85 2840 119 2892 st
136 2829 284 2894 exilium.
306 2842 338 2893 et
358 2830 428 2894 lites
452 2830 577 2915 quidem
600 2832 641 2894 ad
657 2828 760 2913 legem
777 2828 943 2891 Serviliam
965 2850 1066 2913 usque
1085 2828 1208 2911 simpli,
1232 2830 1412 2911 postillam

84 2925 174 3007 dupli
194 2934 227 2988 st
247 2934 430 3007 postremo,
460 2923 568 2988 nescio
591 2935 695 2986 utrum
721 2922 855 3006 exlege
879 2922 1046 2997 Cornelia,
1078 2943 1116 2985 an
1140 2923 1200 2985 iam
1228 2945 1269 2985 ex
1293 2922 1409 2999 Acilia,

84 3018 256 3102 quadrupli
285 3017 461 3082 aestimatas
489 3017 603 3093 luisse,
637 3016 785 3080 discimus
814 3037 854 3080 es
884 3016 953 3099 ipsa
989 3016 1125 3080 Servilia
1150 3016 1248 3099 (Cap.
1272 3015 1412 3081 XVIII.

81 3124 152 3177 sot.
178 3114 241 3192 t.);
264 3133 345 3196 aqua
368 3133 448 3176 reru
471 3124 503 3176 et
525 3111 592 3196 igni
614 3133 678 3175 non
706 3122 741 3174 ut
767 3110 869 3195 volgo
892 3122 1024 3192 putatur
1042 3108 1096 3174 tini
1119 3110 1233 3195 cuique
1259 3111 1411 3173 condem·

81 3220 156 3272 nato
180 3207 325 3271 interdici
347 3207 491 3282 solebat,
514 3209 570 3270 sed
585 3206 613 3270 ei
633 3205 710 3281 soli,
735 3204 791 3290 qui
816 3216 982 3288 antequam
1004 3226 1057 3268 res
1072 3204 1206 3268 iudicata
1228 3212 1312 3266 esset
1331 3204 1411 3265 urbe
1449 3280 1452 3285 ι

79 3314 221 3366 cesserat
243 3312 296 3364 aut
322 3300 356 3364 in
382 3299 509 3364 exilium
531 3300 667 3364 abierat.
700 3298 797 3381 (Cap.
819 3299 885 3363 XI.
909 3313 977 3363 not.
1001 3301 1048 3377 6.)
1092 3298 1245 3365 Ceterum
1271 3297 1409 3383 exlege

81 3396 220 3462 Seruilia
240 3395 374 3480 intelligi
396 3407 519 3478 potest,
555 3394 660 3459 omnia
681 3392 924 3478 peregrinorum
954 3392 1068 3456 iudicia
1093 3392 1161 3456 sive
1187 3390 1314 3475 publica
1342 3392 1410 3456 sive
1446 3400 1450 3408 '

82 3491 210 3575 privata
229 3511 289 3573 per
313 3501 503 3572 patronum,
534 3510 627 3571 quem
648 3489 730 3571 legis
757 3500 896 3551 actorem
924 3486 1042 3551 Cicero
1067 3497 1180 3561 vocat,
1210 3486 1251 3549 ita
1280 3496 1409 3567 peracta

82 3606 170 3663 use,
195 3595 229 3647 ut
245 3584 362 3668 singuli
376 3582 556 3668 peregrini,
581 3604 652 3646 cum
675 3605 736 3666 pro
758 3605 792 3645 se
815 3582 885 3666 lege
909 3603 1006 3665 agere
1026 3602 1089 3645 non
1109 3592 1259 3663 possent,
1284 3602 1408 3645 omnem

80 3700 209 3743 cansam
231 3678 407 3742 transferre
432 3680 583 3741 deberent
605 3677 636 3739 in
665 3689 834 3760 patronum
860 3676 989 3758 publice
1016 3677 1140 3751 datum,
1172 3676 1261 3739 cuius
1282 3673 1408 3739 nomine

80 3774 318 3858 postularetur,
343 3772 382 3836 lis
400 3771 635 3848 aestimaretur,
659 3771 791 3853 pecunia
814 3770 1012 3833 solveretur:
1037 3791 1133 3852 reges
1156 3788 1236 3833 vero
1257 3767 1411 3851 populive

80 3869 177 3934 liberi
205 3887 267 3951 per
288 3867 413 3952 legatos
442 3865 571 3949 publice
597 3877 748 3948 receptos
774 3885 826 3928 res
852 3875 1046 3947 repeterent.
1091 3864 1156 3941 (De
1186 3860 1236 3924 bis
1264 3858 1409 3944 patronis

80 3964 248 4029 actoribus
267 3961 334 4025 rid.
359 3964 445 4046 Leg.
462 3961 581 4025 Servii.
606 3958 690 4042 Cap.
714 3961 781 4024 tv.
805 3970 836 4022 et
857 3961 903 4023 V.
925 3972 955 4021 et
978 3969 1145 4040 praeterea
1168 3953 1253 4038 Cap.
1271 3953 1426 4020 XVllI.··

78 4070 151 4124 unt.
175 4059 209 4122 8.
229 4068 261 4121 st
282 4057 382 4123 XIX.
407 4066 476 4120 not.
502 4058 549 4133 1.)
592 4055 665 4117 Non
685 4075 734 4115 me
755 4052 908 4134 praeterit
922 4055 987 4116 hoc
1004 4048 1232 4136 patrocinium,
1255 4058 1408 4134 quantum
1468 4054 1473 4065 ‘

79 4153 210 4238 quidem
239 4153 281 4214 ad
306 4150 465 4234 privatum
493 4147 642 4212 iudicium
670 4149 797 4223 attinet,
832 4146 985 4210 eiusmodi
1009 4167 1096 4220 esse,
1127 4154 1162 4209 ut
1185 4164 1203 4207 a
1229 4141 1314 4208 Gaio
1343 4160 1408 4205 non

79 4248 228 4311 rideatur
250 4245 399 4330 agnosci,
433 4243 488 4329 qui
508 4240 636 4304 alterius
658 4240 783 4306 nomine
804 4241 876 4324 lege
900 4259 997 4325 agere
1019 4239 1050 4302 in
1072 4250 1173 4302 totum
1199 4258 1261 4300 non
1284 4235 1408 4299 licuisse

79 4340 196 4419 tradit,
221 4340 280 4404 uisi
304 4338 408 4402 causis
430 4339 615 4423 quibusdam
641 4336 760 4399 abbae
786 4335 884 4419 longe
909 4334 1043 4398 diversis
1065 4332 1177 4410 (Gaius
1200 4331 1265 4395 IV.
1286 4329 1342 4395 82.
1367 4362 1410 4376 -

81 4458 180 4511 ‚mm
210 4434 288 4500 olim
316 4432 467 4518 quamdiu
495 4429 641 4513 [sudaei]
674 4427 756 4514 legis
782 4428 923 4492 actiones
949 4427 982 4489 in
1010 4448 1069 4488 usu
1095 4425 1245 4500 luissent,
1279 4420 1409 4488 alterius

76 4529 208 4595 monins
233 4548 332 4613 agere
359 4547 425 4592 non
450 4526 580 4601 liceret,
611 4523 707 4605 [nisi]
730 4543 793 4605 pro
816 4520 940 4605 populo
965 4519 1014 4601 [ct
1038 4517 1207 4588 libertatis
1228 4514 1407 4598 οιιιιια]”);

78 4644 192 4688 nrum
219 4623 305 4687 inter
332 4622 389 4684 bss
410 4621 496 4705 ipsas
517 4641 596 4706 quas
618 4617 736 4700 excipit
758 4634 871 4680 causas
893 4634 957 4677 non
979 4613 1139 4676 dubitabis
1167 4613 1243 4698 quin
1264 4610 1410 4696 peregri·

79 4736 197 4782 mss
220 4715 378 4781 sotium
400 4715 473 4781 solo
497 4715 579 4779 vitio
606 4711 776 4776 memoriae
801 4706 956 4773 omiserit.
1001 4708 1083 4771 Nam
1106 4707 1158 4770 rel
1185 4707 1216 4771 in
1244 4702 1410 4771 Iustiniani

82 4808 336 4879 institutionibus
363 4811 438 4891 (Pr.
458 4810 489 4875 1.
512 4810 552 4872 dc
572 4808 628 4888 iis,
662 4828 696 4892 p.
717 4828 753 4891 q.
773 4823 870 4891 sgese
890 4822 1070 4886 possumus.
1113 4799 1170 4868 ct.
1192 4802 1237 4869 L.
1258 4799 1332 4865 123.
1355 4817 1408 4881 pr.
