3202 5318
622 344 774 415 INDEX
793 344 977 415 Leonte
1250 344 1255 355 ’
1398 354 1460 420 161

223 485 344 555 Coctia
365 496 414 550 661
434 489 478 553 Ι..
500 486 638 552 Aurelii
651 490 772 555 Canae
785 486 957 554 iudiciaria.
999 487 1078 552 vtu.
1094 490 1249 554 Aureum
1262 488 1461 559 iudiciaria.

133 582 255 669 Neque
270 601 351 647 vero
373 590 466 659 erat,v
483 600 582 665 quare
597 581 836 664 Melaspineeut
851 582 1027 659 dubitaret,
1051 604 1068 646 u
1083 586 1185 649 Cotta
1197 602 1294 667 potae
1308 588 1462 655 06616666

133 674 223 741 neri.
264 677 349 740 Nam
374 677 487 740 eodem
515 678 613 739 modo
640 695 658 737 a
684 677 799 760 regulo
821 676 937 741 Cottio
961 676 1090 759 Alpium
1115 698 1191 761 pere
1212 678 1326 743 dicitur
1356 685 1463 766 Alpee

135 769 318 837 Cottianae
343 779 376 833 et
400 768 584 835 Coctianae
610 790 663 851 ap.
680 769 800 834 flacit.
831 771 920 834 Hist.
944 769 1008 835 IV.
1034 771 1088 835 68.
1114 773 1185 838 edd.
1211 772 1327 837 Variae
1350 774 1461 840 Lectt.

131 864 169 929 ia
191 865 328 929 Sueten.
352 864 433 927 Ner.
457 861 510 928 18.
532 863 609 927 Liv.
631 863 766 933 XXIX.
788 863 843 927 38.
874 862 946 928 cic.
970 866 1009 927 de
1031 865 1128 931 Offic.
1150 865 1200 930 ΙΙ.
1224 869 1277 931 17.
1305 868 1371 931 Sed
1391 866 1462 932 iau·

132 958 266 1025 eitamm
286 958 367 1033 boc,
392 958 481 1041 quod
502 977 519 1020 r
541 955 732 1042 cognomine
756 957 834 1043 legio
856 978 970 1024 nomen
992 957 1135 1023 ‹luciturr
1159 951 1347 1045 quamquem
1370 963 1462 1027 etiem

132 1050 302 1139 [Poenulo]
330 1052 491 1117 Asconius
520 1052 622 1137 legem
644 1052 811 1116 Serviliam
833 1054 871 1116 ‹le
893 1051 1077 1135 repetundis
1100 1066 1196 1118 vocat
1217 1056 1400 1122 Glauciam
1421 1059 1463 1123 at

132 1148 216 1213 Aet.
245 1146 275 1210 1.
302 1146 335 1211 iu
364 1148 467 1210 Vere.
499 1145 544 1228 [p.
567 1146 642 1209 161.
665 1144 814 1209 editionis
834 1161 975 1212 nostrae.
1030 1149 1079 1213 At
1099 1146 1144 1212 ibi
1164 1170 1248 1213 nunc
1267 1172 1330 1231 pro
1350 1153 1462 1237 legent

132 1239 319 1307 Cluuiam
345 1239 464 1303 rectius
493 1238 644 1302 scribitur
664 1241 774 1323 legem
795 1242 988 1323 Glauciae]
1018 1252 1050 1304 et
1078 1253 1126 1306 661
1153 1242 1208 1307 lex
1237 1246 1381 1309 Metello
1406 1266 1461 1329 ap.

133 1334 225 1400 Plio.
256 1335 411 1399 XXXV.
443 1337 496 1396 17.
526 1333 582 1397 ubi
612 1344 715 1396 tameo
746 1335 914 1420 corrigunt
941 1334 1463 1415 Metilia..v1t.ttmduin.et

131 1428 210 1493 l.c.
244 1429 331 1492 Eun.
386 1427 545 1512 Equidem
566 1429 648 1493 baud
670 1428 797 1506 dubito,
832 1428 910 1514 quin
933 1428 1023 1495 locus
1047 1427 1214 1495 Ciceronis
1237 1442 1409 1515 corruptus
1430 1444 1463 1498 et

135 1521 260 1591 Cottia
278 1522 335 1586 lex
354 1520 445 1587 nihili
465 1523 520 1586 rit.

580 1698 728 1767 Coeunt.
771 1700 850 1766 Vid.
874 1651 1023 1769 Cenum.

317 1877 515 1947 Conuenite
538 1876 580 1943 tie
601 1890 725 1945 uenatu
745 1879 940 1964 cooptando
961 1879 1288 1966 Agrigentinorum·

219 2050 237 2079 „
249 2001 459 2088 Agrigentini
479 2004 517 2065 tle
539 2012 649 2064 uenatu
671 2003 855 2085 cooptando
874 1999 1046 2085 Scipionis
1064 2003 1153 2088 leges
1169 2003 1312 2089 antiquas
1329 2005 1460 2082 babent,

135 2096 167 2161 iu
189 2098 310 2183 quibua
332 2107 363 2159 et
387 2095 569 2159 illocalem
591 2107 701 2159 sancta
722 2107 796 2159 eunt
818 2097 870 2174 (de
891 2108 992 2159 aetate
1016 2094 1195 2174 homiuum,
1223 2118 1261 2161 ue
1285 2099 1340 2184 qui
1360 2101 1463 2165 minor

135 2191 267 2276 triginta
291 2189 381 2254 enuit
403 2201 495 2263 uutu3
530 2191 569 2253 tle
594 2201 744 2272 qtraestu,
776 2211 869 2272 quem
894 2189 948 2274 qui
970 2188 1116 2266 recinet,
1146 2210 1185 2253 ue
1208 2191 1387 2275 legeretur3
1421 2197 1461 2259 (16

136 2306 252 2363 muru,
287 2286 325 2348 tle
352 2283 466 2348 ceteris
495 2286 628 2363 reboet)
656 2293 690 2346 et
712 2283 775 2346 boc
798 2282 950 2367 emplius:
984 2304 1054 2346 cum
1080 2282 1368 2368 Agrigentinorum
1396 2289 1460 2352 duo

136 2400 254 2464 genera
289 2381 370 2456 rint,
404 2401 498 2443 uurrm
526 2390 688 2452 veterum,
723 2377 856 2441 alterum
888 2378 1096 2452 colonorum,
1132 2398 1214 2463 quoe
1243 2380 1294 2444 Τ.
1318 2378 1461 2443 Manlius

136 2475 245 2553 senno
267 2473 618 2541 aelamitarum
644 2470 744 2535 Livio
766 2472 921 2536 XXVII.
950 2471 1003 2535 36.
1032 2471 1100 2549 36.)
1132 2483 1266 2553 praetor
1289 2493 1330 2534 ex
1356 2471 1391 2537 S.
1420 2470 1463 2538 C.

136 2570 173 2635 ὴ
203 2568 335 2653 oppidis
364 2569 547 2632 Siculorum
576 2567 708 2632 deduxit
737 2566 970 2653 Agrigentum
1004 2578 1130 2629 caretum
1160 2575 1208 2628 661
1235 2563 1269 2628 iu
1289 2564 1462 2651 &ipionie

134 2660 279 2751 ltp'btu,
314 2683 354 2725 oe
383 2665 492 2745 plures
518 2672 624 2727 errent
647 2662 679 2725 iu
705 2673 816 2726 uenatu
842 2682 884 2723 ex
911 2661 1101 2726 colonorum
1132 2679 1266 2724 orrmero
1296 2680 1390 2747 quem
1420 2682 1462 2725 ex

136 2770 244 2823 vetere
267 2756 590 2842 Agrigentinorum.''
623 2758 725 2821 Vere.
749 2757 875 2830 1150,
901 2755 977 2819 123.

220 2853 325 2915 Latro
354 2851 500 2915 vitentur
529 2871 560 2915 6.
589 2873 622 2916 ιι.
649 2870 678 2913 6.
709 2851 804 2927 618..
839 2870 905 2934 quo
935 2870 1017 2914 anuo
1045 2851 1086 2916 P.
1119 2847 1279 2915 Cornelio
1308 2848 1462 2935 Scipioni

137 2943 317 3037 Africano
337 2945 444 3010 Sicilia
465 2945 634 3029 provincie
657 2948 727 3009 datr
750 2955 809 3010 661.

582 3104 780 3171 Commu,
802 3107 844 3170 L.
868 3103 1008 3170 Cinnae.

220 3232 290 3312 „L.
313 3228 494 3295 Corneliae
516 3229 622 3292 Cinna
643 3228 770 3308 (consul
793 3249 820 3293 a.
842 3250 876 3292 ιι.
900 3247 930 3291 6.
954 3228 1040 3306 666.)
1063 3249 1132 3291 curn
1156 3225 1351 3310 perniciosas
1374 3229 1460 3314 leges

135 3344 194 3406 per
221 3325 288 3387 vim
321 3337 416 3407 atque
446 3344 530 3386 erma
559 3323 678 3398 ferret,
711 3324 820 3405 pulsus
848 3325 927 3387 urbe
949 3345 966 3387 n
989 3322 1053 3389 Cu.
1078 3321 1216 3387 Octavio
1240 3324 1366 3410 collega
1387 3345 1460 3389 cum

139 3439 192 3482 tex
214 3416 355 3483 tribunis
376 3417 514 3501 plebie.''
558 3418 637 3481 Liv.
662 3418 751 3501 Epir.
774 3418 942 3482 LXXIX.

307 3576 483 3643 Conuenit
505 3577 547 3640 tie
569 3577 770 3642 reuocandis
792 3578 965 3643 exotium.

220 3702 288 3775 „In
317 3700 498 3764 Corneliae
526 3698 637 3763 Cinna
665 3700 769 3782 primo
799 3701 964 3763 consulatu
991 3700 1094 3785 legem
1125 3702 1164 3763 de
1191 3700 1336 3765 exulibur
1364 3718 1462 3763 rera-

135 3794 243 3859 ceuelie
270 3794 378 3858 ferens
406 3795 447 3855 ab
476 3793 616 3858 Octavio
643 3795 768 3879 college
797 3794 979 3879 prohibitus
1006 3809 1038 3858 ct
1067 3796 1191 3860 bonore
1212 3795 1358 3879 privatus
1378 3792 1462 3857 urbe

135 3887 320 3974 profugit.”
365 3888 514 3952 Aurelius
537 3887 655 3952 Victor
675 3889 714 3953 de
739 3886 815 3954 viris
837 3888 953 3954 illustr.
976 3911 1006 3954 6.
1030 3889 1082 3955 69.

308 4046 484 4113 Caeneum
505 4046 547 4113 ele
569 4069 735 4113 nouorum
755 4048 880 4113 ciuium
901 4061 935 4113 et
955 4049 1192 4115 libertinorum
1212 4043 1411 4138 ettffrogiie.

220 4226 238 4253 „
249 4170 361 4235 Cinna
374 4192 443 4234 cum
463 4171 602 4236 Octavio
619 4170 747 4249 (bellum
765 4171 875 4254 gessit)
897 4174 937 4235 ‹le
951 4192 1109 4237 uovorum
1124 4172 1241 4235 civium
1263 4163 1460 4252 suffragiis?

139 4266 283 4351 Philipp.
314 4265 417 4329 v111.
450 4265 487 4341 2,
519 4269 550 4328 l.
582 4300 622 4310 -
673 4264 814 4346 „Coepit
842 4265 949 4332 Cinna
981 4269 1018 4329 de
1049 4266 1268 4329 libertinorum
1300 4261 1465 4347 suffragiie

138 4360 269 4447 egere.”
316 4360 425 4424 Schol.
456 4361 606 4424 Gronov.
637 4381 670 4441 p.
700 4361 774 4421 110.
805 4394 846 4405 -
889 4361 991 4440 „Nou
1021 4370 1090 4423 erut
1116 4358 1223 4424 Mario
1254 4356 1461 4440 Sulpicioque

138 4459 245 4521 Cinna
266 4455 494 4535 temperatior.
540 4455 672 4538 ltaque,
690 4474 776 4516 cum
799 4454 842 4517 ita
864 4453 976 4517 civitae
999 4452 1111 4517 Italiae
1133 4455 1205 4515 data
1227 4462 1329 4526 66661,
1363 4459 1399 4512 ut
1428 4447 1460 4511 in

138 4564 208 4615 octo
224 4549 330 4613 tribue
347 4547 628 4611 contribuereutur
650 4546 726 4611 novi
749 4546 852 4626 cives,
878 4568 917 4610 ne
937 4545 1081 4630 potentia
1104 4566 1216 4611 eorum
1239 4558 1272 4609 et
1293 4543 1460 4609 multitudo

138 4658 279 4708 veterum
304 4641 419 4705 civium
441 4641 625 4727 dignitatern
647 4642 828 4726 frangeret,
852 4643 987 4726 plusque
1009 4651 1141 4723 portent
1164 4639 1288 4724 recepti
1309 4639 1341 4703 iu
1362 4639 1461 4702 bene-

137 4736 238 4803 ficium
257 4758 355 4822 quam
373 4747 521 4800 66616666
541 4737 703 4811 beneficii3
728 4736 834 4803 Cinna
853 4736 885 4799 iu
901 4734 1046 4799 omuibus
1064 4735 1208 4799 tribubus
1231 4755 1287 4800 666
1304 4754 1338 4798 66
1357 4730 1462 4797 ‹liutri-

137 4831 286 4898 boturum
305 4830 469 4916 pollicitus
488 4842 552 4895 ert:
581 4853 646 4918 quo
668 4830 795 4896 nomine
816 4831 976 4917 iugeutem
998 4828 1096 4897 totius
1118 4820 1229 4897 tutte
1250 4827 1460 4915 sequutum
