3202 5318
569 344 723 461 INDEX
743 346 927 416 LEGIIM.
1346 348 1409 415 271

78 489 171 556 roais
193 509 275 575 quae
298 487 399 575 volgo
422 490 461 553 ad
484 490 676 555 contrariam
701 491 885 555 sententiam
901 492 1085 555 firmandam
1100 491 1277 556 afferantur
1290 491 1410 567 verbra

77 586 107 649 is
122 583 204 649 enim
220 605 279 647 cur
294 582 459 648 Glauciam
476 585 502 648 si
524 584 591 649 eius
614 587 742 650 omnino
766 587 922 652 rationem
944 586 1064 650 habere
1085 585 1233 650 licuisset
1248 586 1412 652 consulem
1494 618 1498 635 ·

78 678 222 744 futurum
238 677 336 741 iuiue
351 677 540 755 crediderit,
565 679 606 741 ita
623 681 791 762 esposuita
814 680 934 754 „nam”
950 680 1053 766 inquit
1067 732 1084 763 ‚‚
1095 693 1126 744 et
1141 678 1267 764 plebem
1282 681 1413 745 terebat

79 783 114 837 et
138 783 320 855 equestrem
345 772 488 836 ordinem
518 773 685 838 beneflcio.
702 774 782 859 legis
812 773 1046 850 devinxerat”;
1078 774 1134 859 qni
1160 786 1263 839 tamen
1291 795 1333 838 ex
1362 773 1412 837 his

79 866 243 953 colligant
267 887 307 932 eo
329 867 402 949 ipso
424 888 506 932 anno
534 868 696 932 Glauciam
713 867 785 952 lege
806 868 867 931 lata
887 879 1068 954 equestrem
1086 867 1232 934 ordinem
1254 865 1412 932 mesticia

80 960 283 1037 devinxisse,
314 961 441 1025 nimium
467 961 619 1044 proiecto
641 960 725 1025 scire
752 960 909 1025 ridentur.
956 963 1217 1043 Quamobrem
1239 960 1412 1048 Pighins²l

78 1055 186 1140 legem
210 1053 381 1120 Serviliam
405 1054 446 1120 C.
472 1054 582 1120 Mario
603 1056 775 1119 secundum
798 1054 930 1120 consule
950 1056 1059 1137 (6t9.)
1081 1058 1175 1121 latam
1201 1076 1271 1121 esse
1297 1054 1411 1134 credit,

78 1147 179 1232 idque
202 1169 267 1213 non
288 1161 377 1213 caret
399 1149 523 1232 specie,
547 1149 574 1212 si
590 1151 686 1213 nsodo
702 1161 796 1225 tunc,
820 1152 909 1235 quod
925 1148 980 1231 ille
1001 1150 1095 1227 dicit,
1120 1148 1252 1215 Glaucia
1266 1147 1414 1215 munna

79 1242 187 1327 plebIs
208 1242 320 1309 inerit.
364 1242 446 1311 Cum
467 1254 570 1308 autem
590 1242 712 1329 Pighio
730 1243 816 1306 harad
836 1263 911 1308 raro
936 1244 1077 1321 accidat,
1109 1255 1143 1308 ut
1166 1266 1208 1309 ex
1228 1262 1314 1309 saera
1336 1242 1416 1309 σοι’-

79 1332 208 1401 iectura
232 1338 436 1424 magistratus
462 1337 493 1402 in
527 1357 628 1401 annos
656 1334 842 1414 distribuat,
879 1337 1023 1423 equidem
1051 1341 1155 1403 donec
1182 1340 1222 1403 tle
1249 1338 1414 1403 tdbnnattt

81 1429 238 1497 Glauciae
258 1433 378 1499 certior
396 1432 502 1497 iactus
520 1452 579 1495 ero
599 1441 733 1495 aetatem
757 1432 837 1520 legis
857 1430 1008 1495 incertam
1027 1431 1220 1517 relinquam,
1243 1431 1304 1497 nisi
1324 1430 1414 1521 qnod

79 1523 169 1588 inter
181 1527 380 1591 consclatum
397 1524 529 1591 Serrani
542 1524 652 1589 eteius
665 1522 860 1607 Caepionis,
885 1523 973 1590 cuitus
987 1525 1092 1612 legem
1108 1526 1243 1591 Servilia
1259 1524 1413 1593 Glauciae

77 1617 226 1701 priorem
247 1620 347 1685 luisse
369 1642 466 1704 supra
488 1620 606 1684 dictum
632 1632 697 1697 est,
730 1632 763 1685 et
783 1622 986 1686 consulatum
1016 1621 1058 1688 C.
1087 1620 1188 1687 Marii
1213 1616 1279 1685 v1.
1308 1632 1341 1684 et
1366 1620 1412 1691 1..

78 1711 208 1778 Valerii
229 1712 340 1781 Flacci
361 1714 582 1796 (sss-⁶54.)
604 1715 668 1778 lata
695 1735 766 1779 esse
789 1717 896 1780 debet.
942 1714 1097 1782 Ceterum
1120 1715 1254 1800 exlege
1276 1710 1413 1780 Serrillt

78 1807 235 1872 Glauciae
264 1808 319 1875 M.
351 1808 507 1875 Aemilius
536 1810 695 1888 Scaurus,
727 1808 792 1874 Μ’.
821 1809 982 1894 Aquillius
1013 1821 1046 1873 et
1072 1810 1115 1874 Ρ.
1145 1808 1284 1874 Rutilius
1306 1806 1414 1875 Butes

75 1906 326 1988 repetundarum
348 1903 488 1968 acclinati
510 1914 592 1967 stant.

165 1994 366 2064 conseratur
388 1998 482 2063 etiarn
505 2000 631 2063 Acrmn
653 1996 696 2060 de
712 1997 872 2082 pecuniis
892 1994 1104 2083 repetundis.

121 2176 287 2242 Sacranas
309 2177 489 2257 (Glauciae)
511 2176 698 2241 iudiciaria
717 2190 749 2240 et
764 2178 927 2241 Serranis
948 2176 1130 2257 (Glauciae)
1152 2176 1195 2240 de
1212 2174 1370 2255 ciuitate,

79 2339 158 2402 qaas
179 2316 346 2381 linxerunt
367 2317 537 2382 Ernestius
559 2317 591 2381 in
615 2319 688 2382 Ind.
712 2320 824 2403 Legg.
848 2318 982 2402 aliique,
1007 2317 1111 2401 capita
1133 2328 1207 2381 seint
1229 2315 1310 2402 legis
1333 2320 1414 2383 Ser·

77 2412 182 2477 ciliae
204 2412 246 2477 ds
263 2412 421 2497 pecuniis
443 2413 661 2497 repetundis,
686 2415 770 2497 apud
792 2412 962 2478 Klenzians
977 2433 1072 2496 capp.
1088 2412 1154 2475 vl.
1170 2411 1256 2476 v11.
1271 2412 1412 2479 XXIII.

507 2594 668 2657 Saurania
692 2590 815 2672 (Rulli).
829 2590 989 2676 agraria.

167 2733 271 2818 „Ego
300 2733 429 2807 (consul
457 2754 489 2797 a.
519 2756 553 2798 ιι.
584 2733 677 2811 690.)
704 2732 858 2797 Kalendis
886 2728 1044 2796 Ianuariis
1071 2742 1213 2795 senatum
1242 2742 1275 2795 et
1306 2730 1413 2798 bonas

79 2846 194 2891 onnes
220 2825 301 2912 legis
327 2827 494 2912 agrariae
515 2827 784 2916 maximarumque
811 2825 1019 2910 largitionum
1041 2835 1128 2890 rsetn
1155 2824 1315 2890 liberari:
1347 2840 1413 2915 ege

80 2942 195 3007 agrum
224 2920 441 3006 Campanum,
479 2923 505 2986 si
531 2922 628 2985 dividi
661 2943 725 2985 non
754 2921 917 3004 oportuit,
952 2921 1162 2997 conservari;
1195 2921 1223 2983 si
1252 2923 1412 3006 oportuit,

80 3015 270 3082 melioribus
293 3018 478 3081 auctoribus
500 3017 702 3080 reservavi.''
746 3017 777 3080 ia
800 3017 913 3081 Pison.
938 3017 977 3091 2,
1001 3019 1034 3080 lt.

169 3108 328 3193 „(Curio)
351 3112 456 3196 legem
481 3111 632 3188 viariam,
662 3132 725 3176 non
751 3111 931 3175 dissimilem
961 3110 1127 3196 agrariae
1148 3112 1261 3189 Rulli,
1295 3123 1327 3177 et
1354 3112 1412 3177 ali·

81 3204 287 3282 nectariam,
313 3227 392 3289 quae
414 3207 502 3270 iubet
522 3207 641 3272 aediles
665 3207 786 3282 metiri,
811 3206 975 3271 iactavit.''
1012 3209 1051 3270 ad
1073 3208 1167 3271 Fam.
1190 3204 1293 3270 VIII.
1316 3206 1355 3283 6,
1379 3206 1412 3271 d.

169 3302 333 3365 sarvam
355 3303 520 3386 agraria,
544 3324 637 3390 quam
657 3323 685 3366 a.
707 3324 739 3364 n.
763 3303 839 3367 689.
868 3301 1028 3368 Cicerone
1045 3302 1177 3366 consule
1194 3299 1414 3386 promulgarit

81 3398 124 3462 Ρ.
147 3395 313 3461 Ssruiliaes
335 3398 474 3472 Rullus,
499 3397 552 3461 uti
573 3395 754 3461 decemuiri
775 3417 853 3459 aum
874 3418 1010 3461 summo
1031 3397 1178 3480 imperio
1199 3406 1414 3472 crearentur,

82 3488 148 3575 qui
167 3508 273 3574 agros
293 3491 384 3574 plebi
405 3491 607 3555 diuiderent.
652 3493 715 3555 Sed
738 3512 775 3554 ca
798 3492 868 3567 lex,
894 3512 988 3576 quam
1013 3489 1134 3557 Cicero
1157 3492 1269 3557 consul
1293 3488 1414 3556 oratio·

82 3586 180 3648 nibus
207 3597 317 3649 contra
348 3585 477 3651 Rullum
506 3585 672 3662 dissuasit,
707 3586 791 3648 band
814 3596 861 3649 est
882 3586 1018 3668 perlata.
1062 3585 1184 3649 Habuit
1210 3597 1312 3649 antem
1334 3585 1414 3648 lraee

82 3679 182 3744 Rulli
202 3677 254 3743 lea
274 3681 347 3764 plus
368 3700 461 3764 qnam
476 3681 554 3745 XL.
568 3680 691 3762 capita,
716 3701 852 3764 quorum
873 3678 1061 3762 praecipua,
1085 3700 1166 3763 quae
1186 3677 1305 3745 Cicero
1322 3698 1413 3742 conr·

83 3785 257 3853 memorat,
280 3776 426 3857 exposita
450 3786 521 3838 sunt
542 3775 574 3837 in
595 3774 766 3839 summario
789 3773 970 3839 orationum
990 3776 1028 3838 de
1047 3774 1119 3859 lege
1141 3773 1281 3860 Agraria
1300 3782 1413 3838 contra

83 3870 127 3935 Ρ.
151 3869 322 3935 Servilium
346 3870 488 3935 Rullum.
524 3870 671 3932 Scutirz.

452 4051 575 4112 Sesars
595 4048 637 4112 de
658 4048 850 4113 reuocando
870 4047 1048 4115 Cicerone.

171 4181 342 4267 „Rogatio
365 4180 468 4248 Sentii
489 4202 592 4264 neque
615 4180 778 4265 dignitatis
798 4179 875 4244 satis
896 4182 1009 4258 habet,
1031 4198 1091 4244 nec
1116 4176 1282 4243 cautionis.
1329 4174 1412 4242 Nan

84 4286 117 4338 et
136 4277 324 4340 nominatim
346 4276 426 4340 ferri
450 4288 582 4359 oportet
604 4288 635 4339 et
656 4278 694 4339 de
714 4276 808 4340 bonis
830 4274 1013 4361 diligentius
1030 4271 1161 4339 scribi.”
1183 4276 1224 4336 ad
1247 4275 1320 4338 Att.
1348 4264 1411 4336 tlt.

84 4370 145 4447 2⁰,
169 4369 203 4433 3.
226 4406 266 4417 -
291 4424 307 4452 „
318 4371 422 4437 Sentii
443 4370 546 4435 nostri
568 4371 663 4450 (lex),
687 4393 779 4455 qnam
803 4380 838 4432 tu
859 4368 915 4432 tibi
938 4367 1072 4453 probari
1092 4367 1224 4445 scribis,
1248 4363 1327 4431 mihi
1347 4384 1411 4435 non

82 4465 228 4548 placet.”
273 4469 313 4531 ad
334 4467 406 4530 Att.
430 4466 495 4530 llI.
520 4466 579 4540 23,
605 4466 637 4528 d.

169 4559 231 4624 Est
253 4563 293 4626 P.
315 4560 420 4626 Sentii
441 4559 559 4625 tribuni
580 4557 685 4645 plebis
707 4579 737 4622 a.
761 4579 794 4622 u.
818 4580 848 4623 c.
872 4558 947 4623 696.

159 4859 185 4929 ¹)
205 4851 317 4913 Annal.
339 4851 466 4911 Roman.
488 4852 526 4912 Τ.
546 4851 602 4911 111.
624 4852 718 4913 Antu.
740 4850 823 4913 t6l5.
844 4868 876 4927 p.
896 4850 962 4909 156.
