3202 5318
134 271 199 339 ess
395 254 401 291 ¹
617 267 769 341 luunx
788 266 972 343 Lucum.

134 411 227 477 nibus
248 410 281 477 in
302 431 415 487 annrrsu
437 407 632 477 extrahitur.
662 408 755 497 plebe
781 409 981 475 Voleronem
1008 406 1169 471 tribunum
1195 406 1317 475 reiicit.
1346 417 1460 493 patres

135 506 175 569 ad
196 504 337 569 ultimum
360 501 570 567 dimicationis
592 501 654 567 rati
671 524 738 568 rem
754 513 935 579 venturam,
961 503 1027 585 Ap.
1045 499 1212 566 Claudium
1230 500 1332 587 Appii
1345 500 1460 583 fllium,

4 592 6 599 ’
133 596 194 663 iam
223 597 295 662 inde
324 618 341 660 a
365 594 503 680 paternis
526 596 750 665 certaminibus
769 597 905 663 invisum
928 597 1140 683 infestumque
1162 594 1263 679 plebi,
1294 600 1461 667 consulem

133 690 267 756 faciunt.
312 690 479 775 Principio
509 691 612 755 statim
641 690 711 755 anni
740 695 789 772 (u.
812 713 844 754 c.
868 691 959 772 282.)
987 692 1062 756 nihil
1089 691 1178 774 prius
1207 712 1300 774 quam
1324 693 1364 754 de
1386 690 1461 777 lege

79 838 81 843 .
134 787 310 872 agebatur.
347 789 404 849 sed
434 797 468 853 ut
495 785 644 857 inventor
669 785 748 871 legis
776 786 921 863 Volero,
959 786 1004 850 sic
1036 786 1207 851 Laetorius
1236 783 1364 869 collega
1392 785 1462 851 eius

134 892 248 944 auctor
276 900 347 944 cum
373 880 536 945 recentior
560 893 625 944 tum
651 879 759 944 acrior
781 890 861 944 erat.
891 917 905 930 ·
925 917 940 932 ·
961 917 976 930 ·
1007 880 1124 945 Victus
1151 889 1275 962 patrum
1302 900 1462 944 consensu

48 980 57 997 '
134 972 289 1057 (Appius)
311 973 448 1058 quierit.
483 975 537 1039 lex
561 974 686 1039 silentio
706 974 885 1057 pes-lentur.
916 986 982 1038 tum
1006 972 1141 1057 primum
1170 972 1297 1038 tributis
1324 974 1463 1041 coruitiie

133 1066 233 1131 creati
255 1064 375 1131 tribuni
396 1068 503 1132 ιιιιιι.”
541 1067 623 1134 'Lim
645 1068 695 1132 11.
719 1070 772 1133 56.
796 1070 850 1134 57.
874 1104 914 1115 -
938 1067 1063 1142 ,Varia
1086 1066 1215 1132 fortuna
1240 1066 1335 1145 belli,
1359 1069 1463 1134 aunei

133 1158 291 1225 discordia
314 1161 400 1227 dumi
422 1161 571 1248 lorisque
586 1184 699 1225 enusrm
715 1174 860 1225 exactum
875 1162 1030 1246 insignem
1046 1161 1180 1225 maxime
1195 1161 1321 1224 comitia
1341 1161 1463 1227 tributa

133 1254 289 1332 efficiunt,
321 1275 374 1320 res
398 1256 498 1323 maior
524 1254 659 1320 victoria
685 1256 824 1338 suscepti
844 1256 1022 1319 certaminis
1046 1277 1140 1340 quiam
1169 1277 1245 1319 ιιιιι.
1279 1255 1354 1337 plus
1379 1257 1459 1321 euim

133 1347 297 1435 dignitatis
315 1347 452 1413 comitiis
473 1348 548 1432 ipsis
571 1352 745 1413 detractum
761 1360 809 1412 ιιι
828 1350 972 1431 patribus
996 1371 1037 1412 cx
1056 1347 1193 1413 concilio
1207 1349 1458 1428 srrmmovendis,

133 1463 226 1527 quiam
249 1441 362 1507 virium
385 1454 438 1506 aut
464 1443 550 1526 plebi
573 1442 710 1506 additum
740 1454 788 1506 est
814 1453 868 1506 aut
898 1443 1057 1526 demptum
1082 1440 1262 1526 patribus.'’
1305 1443 1385 1509 Lis.
1408 1444 1456 1508 ll.

133 1537 186 1604 60.
207 1570 249 1584 -
270 1535 372 1604 Conl.
395 1536 494 1603 Dion.
518 1537 623 1602 Halic.
645 1537 710 1602 lx.
735 1537 790 1602 tt.
814 1538 867 1601 tt.

701 1697 891 1762 Ρυιιιιιιιιι

132 1821 176 1904 Q.
198 1817 336 1885 Publilii
356 1818 510 1890 Philonis
532 1819 697 1887 dictatoris
719 1841 750 1884 a.
774 1842 806 1885 ιι.
828 1842 856 1886 c.
879 1821 952 1886 ttt.

218 1913 404 1988 „Dictatura
436 1915 600 1997 popularis
630 1926 661 1978 et
688 1913 886 1980 orationibus
915 1914 947 1978 ιιι
976 1923 1082 1995 potres
1111 1911 1288 1979 criminosis
1313 1914 1394 1993 tuis,
1430 1929 1461 1980 et

133 2010 221 2095 quod
243 2021 308 2072 tres
331 2009 418 2093 leges
440 2007 680 2072 secundissimas
703 2007 807 2091 plebi,
832 2010 980 2070 adversas
1003 2006 1160 2072 nobilitati
1183 2008 1277 2085 tulit,

218 2102 341 2178 Unam,
370 2114 408 2166 ut
428 2102 606 2187 plebiscita
627 2123 744 2169 omues
768 2102 923 2186 Quirites
945 2112 1115 2175 lenerents
1144 2100 1257 2181 (Cunl.
1280 2103 1460 2168 Venustus

134 2205 165 2258 et
186 2195 385 2272 Ηοιιιιτιιιι,
409 2196 637 2277 Ηοιιτιιιιιιι.)

219 2291 384 2365 Alteram,
414 2278 453 2354 ui
475 2293 606 2375 legum,
641 2313 728 2377 quoe
749 2293 899 2357 comitiis
920 2291 1122 2357 centuriatis
1131 2289 1345 2383 ferrentur,
1380 2306 1459 2360 ιιιιιι

99 2436 107 2447 ,
133 2382 258 2471 initum
279 2382 495 2474 suffragium
515 2398 634 2469 patres
656 2399 816 2451 auctores
829 2387 983 2466 secretu,-
1004 2386 1106 2465 (conl.
1130 2389 1301 2469 Μιιιιιι.)

219 2478 381 2555 Τιιιιιιιι,
406 2491 444 2544 ιιι
465 2483 554 2545 alter
576 2481 692 2567 utique
713 2484 892 2565 explebe,
917 2504 986 2545 cum
1003 2503 1043 2544 co
1061 2492 1187 2545 ventum
1203 2479 1261 2560 sit,
1286 2493 1321 2545 ut
1338 2494 1459 2547 utrum·

132 2592 196 2728 ppe
217 2572 559 2732 piiffiwipconw'em
576 2575 646 2638 lieri
663 2575 772 2640 liceret
793 2576 885 2659 (Lis.
904 2576 986 2640 Vll.
1003 2575 1085 2655 tu),
1107 2595 1229 2641 censor
1243 2577 1456 2642 crearetur.''

165 2687 209 2729 m.
326 2712 335 2732 .
403 2711 413 2731 .

544 2830 650 2894 Purtu
671 2830 713 2893 de
734 2843 857 2895 senatu
877 2832 1042 2898 labendo.

220 2953 380 3026 ,Senatus
398 2952 509 3016 haberi
531 2964 602 3014 sote
625 2952 783 3017 Kalendas
807 2953 999 3017 Februarias
1022 2975 1080 3036 per
1102 2954 1205 3040 legem
1224 2955 1373 3039 Pupium
1394 2978 1455 3023 non

133 3057 257 3128 potest:
291 3069 394 3132 neque
417 3068 521 3110 mense
545 3047 724 3110 Februario
751 3059 821 3111 toto
846 3048 904 3111 nisi
932 3049 1082 3128 perlectis
1104 3063 1157 3113 aut
1176 3049 1302 3113 reiectis
1323 3052 1458 3137 legatio-

134 3140 261 3204 nibus.”
305 3144 344 3203 ad
372 3142 464 3204 Fam.
495 3141 523 3204 1.
556 3141 593 3216 l,
625 3144 656 3204 1.
698 3181 728 3194 -
760 3140 1009 3222 „comitialibus
1035 3145 1162 3219 diebus,
1198 3144 1250 3227 quii
1281 3144 1456 3224 Quirinalia

131 3246 323 3320 requirentur,
350 3234 476 3316 Appius
499 3235 727 3316 interpretatur
749 3256 811 3299 nou
836 3237 978 3317 impediri
1000 3259 1034 3301 se
1058 3238 1128 3323 lege
1151 3238 1276 3321 Pupia,
1309 3262 1376 3323 quo
1404 3243 1458 3305 mi·

43 3408 46 3416 ι
133 3348 191 3391 uus
213 3328 329 3391 habeat
351 3342 511 3402 senatum,
537 3339 585 3403 et,
610 3331 698 3413 quod
714 3329 847 3392 Gabinia
864 3343 1004 3394 sanctum
1021 3331 1076 3406 ιιι,
1102 3331 1194 3395 etiam
1217 3332 1293 3418 cogi
1315 3355 1356 3396 ex
1380 3335 1455 3400 Kal.

134 3421 235 3487 Febr.
258 3443 361 3507 usque
383 3425 422 3485 ad
446 3421 518 3487 Kal.
541 3421 643 3485 Mart.
667 3423 778 3508 legatis
802 3435 941 3487 senatum
966 3428 1106 3509 qrrotidie
1128 3426 1215 3489 dari:
1238 3427 1279 3491 ita
1306 3441 1457 3511 putantur

133 3516 257 3580 detrudi
280 3516 403 3580 comitia
426 3515 457 3579 in
481 3536 616 3578 mensem
641 3517 831 3581 Martium.'’
875 3521 913 3582 ad
937 3520 980 3600 Q.
1005 3520 1048 3584 ιι.
1072 3521 1122 3584 Il.
1148 3521 1205 3595 13,
1229 3523 1262 3585 3.

217 3611 354 3695 Pigbius
376 3613 456 3674 banc
477 3611 578 3696 legem
600 3610 712 3674 tribuit
734 3613 797 3677 Co.
813 3613 924 3697 Pupio
943 3613 1073 3680 tribuno
1096 3614 1198 3698 plebis
1220 3637 1251 3680 a.
1274 3638 1308 3681 ιι.
1331 3638 1360 3684 o.
1382 3618 1453 3683 stt.

518 3771 667 3835 Reumus
688 3771 729 3836 de
750 3773 1067 3841 calumniatoribus.

219 3898 296 3983 „lta
318 3907 421 3962 tamen
445 3907 594 3981 quaestus
617 3907 648 3958 te
667 3895 816 3978 cupidum
839 3918 909 3960 esse
934 3901 1123 3980 oportebat,
1149 3910 1183 3962 ut
1204 3899 1319 3966 horsum
1345 3902 1453 3969 existi·

133 3995 301 4061 mationem
336 4004 367 4059 et
397 3990 500 4076 legem
525 3989 715 4056 Remmiam
738 4002 867 4075 putares
889 3991 1006 4075 aliquid
1030 3993 1135 4058 valere
1158 3995 1351 4076 oportere.''
1394 4021 1454 4081 pro

132 4088 256 4157 Roscio
273 4091 384 4154 Amer.
403 4087 459 4163 19,
476 4087 529 4153 5⁵.
553 4118 595 4129 -
619 4139 634 4168 „
647 4089 772 4170 Legem
787 4086 993 4169 Remmiam]
1016 4087 1103 4169 Qua,
1122 4087 1176 4173 qui
1191 4088 1453 4169 calumniabatur,

132 4186 354 4261 damnabatur,
376 4182 403 4247 si
424 4179 543 4245 crimen
566 4182 748 4264 approbare
771 4201 835 4243 uon
858 4180 1015 4262 poterat.”
1039 4182 1150 4247 Schol.
1166 4186 1316 4249 Gronov.
1333 4206 1367 4268 p.
1382 4185 1456 4250 tlt.

216 4283 365 4346 Remotis
392 4280 470 4361 (pro
498 4298 564 4361 quo
594 4274 708 4360 volgg.
739 4276 810 4338 edd.
834 4276 1004 4340 Memmia
1037 4277 1170 4354 habent,
1205 4276 1333 4363 quidam
1364 4279 1456 4345 etiam

131 4375 314 4442 tremulam
335 4374 460 4450 dicunt,
485 4383 653 4455 utrumque
679 4367 776 4445 male,
801 4380 832 4433 et
856 4370 1105 4456 repugnantibus
1130 4369 1237 4436 Codd.
1258 4370 1455 4449 melioribus,

131 4488 203 4533 ιιιιιι
223 4468 464 4546 Ciceronianis,
489 4480 554 4533 tum
571 4466 798 4551 Digestorum,
823 4462 855 4526 io
872 4464 988 4548 quibus
1004 4465 1116 4528 dehac
1133 4465 1203 4551 lege
1221 4478 1269 4530 ιιι
1284 4466 1456 4532 XLVlll.

134 4562 203 4644 16.)
245 4565 322 4646 Quo
345 4578 474 4631 auctore
497 4573 529 4627 et
551 4583 617 4648 qim
639 4580 722 4624 anno
741 4557 804 4621 lata
827 4557 885 4635 sit,
919 4579 983 4623 non
1006 4570 1144 4623 constat.
1192 4561 1266 4625 lloc
1292 4581 1334 4624 ex
1362 4558 1457 4626 Cice·

131 4677 213 4723 rone
241 4679 303 4740 pro
330 4662 367 4725 S.
398 4657 522 4725 Roscio
549 4658 662 4722 Anser.
693 4676 723 4720 ι.
755 4654 808 4719 tt.
838 4650 969 4738 intelligi
990 4663 1116 4737 potest,
1150 4652 1250 4718 luisse
1271 4652 1456 4737 oppositam

131 4748 347 4839 impudentiae
377 4752 656 4830 calumniatorum,
691 4770 730 4813 ne
758 4746 828 4811 scil.
865 4745 976 4811 liceret
1004 4745 1147 4831 quemvis
1177 4747 1228 4812 rel
1255 4746 1455 4821 innocentem
