3202 5318
128 348 193 415 sss
530 404 533 411 .
659 330 919 408 nunnncrn
1004 296 1007 301 ’

89 524 92 529 ·
127 488 175 554 sic
201 489 269 553 iere
295 485 431 571 legenda
458 484 624 548 videntur:
662 487 728 549 Est
756 482 874 567 utique
902 484 998 544 locus
1023 480 1161 545 vetandi
1185 481 1296 545 etiam
1319 493 1451 546 tumne

123 572 288 664 feratur,
325 564 491 657 quamdiu
513 572 615 658 (qum
642 570 682 631 ad
702 568 855 653 suffragia
876 566 1050 650 pertinent)
1065 563 1231 658 ferenda
1257 564 1455 652 transigun-

126 671 199 723 tur.
243 659 326 721 Rau.

152 766 154 771 ·
212 742 255 806 P.
280 739 380 804 70.1.
405 740 458 803 13.
481 735 626 816 cistella]
650 736 762 801 sitella
782 737 895 820 Lugd.

212 828 254 893 P.
279 827 332 888 70.
355 825 379 887 l.
404 826 457 887 tt.
480 825 552 886 alia
570 825 720 906 populus
741 820 817 903 cet]
841 820 922 886 sat.
942 822 1094 904 populus
1117 818 1295 911 confusus
1318 834 1360 886 ut
1377 845 1459 886 sem·

125 935 191 997 per
214 911 322 985 alias,
352 909 458 973 itaet
481 908 717 980 inconcione5
749 909 811 971 sed
829 906 981 989 peractis
1002 906 1073 980 leis,
1102 928 1181 969 cum
1202 907 1242 969 id
1263 910 1384 971 solum
1407 930 1461 972 su·

125 1008 259 1083 peccet,
284 1006 323 1058 ut
340 996 492 1078 populus
507 993 713 1057 sententiam
723 991 850 1084 ferat,
877 991 970 1054 iubet
988 990 1094 1054 etiam
1115 991 1147 1053 is
1168 991 1228 1075 qui
1243 989 1328 1081 fert
1341 996 1461 1078 legem,

129 1081 375 1146 discedere:
403 1078 496 1164 quod
522 1079 661 1141 verbum
690 1099 758 1140 non
786 1078 849 1140 hoc
878 1075 1075 1159 significat,
1111 1075 1266 1160 quadiu
1290 1078 1463 1141 communi

128 1166 392 1239 consuetudine,
422 1163 546 1227 abeant
573 1163 669 1243 (eant
690 1184 752 1244 pro
775 1162 866 1246 vulg.
889 1172 965 1224 erat
986 1161 1081 1224 habet
1104 1161 1232 1247 Lugd.)
1259 1162 1304 1226 cle
1327 1184 1371 1227 eo
1393 1166 1462 1229 loco

128 1252 188 1317 ubi
209 1253 268 1316 lex
277 1247 411 1339 fertur
432 1260 492 1313 cet.
538 1250 625 1313 Rtu.
899 1268 901 1273 ’

215 1335 256 1399 Ρ.
282 1335 335 1398 21.
359 1335 382 1396 l.
407 1333 459 1396 20.
482 1352 551 1396 non
571 1332 794 1415 perterritus]
815 1330 1023 1416 perterritus
1044 1351 1112 1393 non
1134 1331 1247 1417 Lugd.

215 1422 256 1484 P.
282 1420 334 1482 71.
357 1417 381 1480 l.
406 1417 459 1480 21.
483 1417 659 1498 damnari]
688 1418 757 1482 Pro
785 1418 947 1482 damnari
974 1437 1038 1478 non
1068 1414 1180 1479 dubito
1203 1417 1283 1502 quin
1307 1439 1390 1483 vere
1410 1421 1462 1483 de·

131 1503 215 1570 derit
236 1506 439 1568 Hotomanus
460 1501 590 1567 omniu.
637 1504 725 1566 Res.

216 1589 258 1653 P.
283 1590 336 1652 72.
359 1588 382 1651 l.
408 1590 439 1650 1.
461 1588 530 1652 snt
540 1599 727 1670 postquam
747 1590 831 1651 VII.
854 1600 887 1651 et
908 1589 954 1651 X.
975 1585 1087 1651 tribus
1101 1583 1180 1663 cet]
1201 1586 1264 1649 sed
1275 1600 1461 1673 postquam

132 1674 217 1739 VII.
245 1687 279 1737 et
307 1676 355 1736 X.
383 1673 494 1736 tribus
522 1672 740 1756 rogationem
768 1684 990 1756 occeperunt,
1016 1700 1057 1712 —
1086 1683 1119 1733 ct
1140 1691 1212 1733 uua
1233 1672 1340 1736 modo
1362 1694 1461 1757 supe·

131 1771 243 1835 rerat,
265 1771 305 1822 ut
313 1758 435 1840 populi
450 1758 585 1820 iussum
599 1756 802 1835 conficeret,
821 1757 953 1822 remisit
965 1755 1242 1819 intercessionem
1258 1758 1463 1823 Trebellius.

132 1844 289 1908 Extrema
315 1841 409 1926 plane
433 1843 476 1904 uti
498 1841 683 1924 scripsimus
704 1843 799 1905 habet
822 1844 893 1906 cod.
917 1843 1047 1927 Lugd.;
1082 1852 1201 1903 tantum
1227 1843 1408 1907 addidimus
1429 1854 1464 1905 ut

131 1938 208 2012 post
225 1937 419 2013 supererat.
444 1928 532 1991 Rus.
577 1927 704 1989 Vellem
721 1928 915 1991 declarasset
931 1926 980 1990 vir
997 1925 1219 2001 doctissimus,
1242 1938 1352 1993 utrum
1369 1930 1466 1995 rerba

132 2025 166 2076 et
186 2034 259 2077 una
280 2034 375 2076 mens
396 2024 485 2075 essct
506 2011 537 2072 in
560 2012 671 2076 codice
695 2014 806 2097 Lugd.
832 2014 933 2075 desint
955 2032 1068 2074 necne.

219 2099 261 2163 Ρ.
287 2101 340 2160 72.
364 2098 465 2159 Ι.10.
489 2096 729 2178 decrevissent]
753 2099 807 2160 Sic
823 2119 839 2158 s
856 2097 956 2179 prinu
971 2098 1203 2178 ninnnLugd.‚
1228 2096 1464 2181 qniasecunda

135 2206 177 2247 m.
202 2185 298 2247 habet
320 2182 557 2245 decrevissem.

218 2269 261 2333 P.
286 2268 338 2330 73.
362 2267 385 2328 l.
411 2267 462 2329 13.
487 2267 680 2350 lugentum]
711 2266 885 2351 vigentum
908 2270 1016 2351 Lugd.
1044 2268 1131 2348 quod
1155 2266 1366 2347 depravatum
1388 2276 1464 2349 puto

135 2374 177 2416 ex
196 2352 376 2436 vigebant,
412 2361 445 2413 et
469 2352 574 2414 locum
602 2352 644 2413 ita
675 2353 859 2436 legendnm:
890 2389 931 2398 ψ
968 2364 1001 2415 et
1030 2352 1210 2435 uigebant:
1247 2352 1406 2415 maxime
1426 2353 1463 2416 C.

134 2437 258 2513 Curio,
297 2440 336 2502 C.
368 2435 532 2503 Curionis
558 2437 785 2500 mlolescentis
815 2437 890 2501 eius
918 2439 977 2521 qui
1005 2438 1037 2499 lr.
1066 2461 1093 2500 c.
1121 2439 1159 2499 C.
1177 2433 1265 2525 suit
1288 2436 1464 2519 partium,

62 2528 65 2533 ’
161 2535 249 2587 ater.
294 2523 382 2585 Bru.

133 2544 160 2607 P
220 2610 263 2673 P.
288 2608 341 2671 73.
365 2608 392 2675 l..
414 2608 466 2671 16.
489 2610 572 2672 Non
653 2606 853 2688 privasset]
877 2607 973 2670 Num
996 2638 1035 2647 -
1056 2605 1253 2688 privasset?
1276 2606 1360 2670 Rau.

218 2694 261 2755 P.
287 2693 339 2754 73.
365 2695 387 2754 1.
412 2694 465 2755 20.
489 2696 571 2756 Νοη
589 2722 623 2733 ·-
645 2713 712 2753 non
728 2689 904 2770 dedisses]
928 2694 1024 2754 Num
1040 2726 1080 2736 -
1094 2711 1163 2754 non
1178 2690 1353 2754 dedisset?
1380 2690 1463 2752 Rau.

220 2777 263 2840 P.
289 2777 340 2837 tt.
366 2777 388 2838 l.
413 2781 445 2839 3.
469 2778 608 2840 Videtur
632 2797 695 2858 pro
717 2779 806 2838 lianc
825 2775 989 2860 legendum
1010 2777 1110 2849 ltacc,
1135 2787 1167 2837 et
1188 2784 1263 2858 post
1284 2775 1466 2838 doceretur

136 2861 345 2943 supplendum
368 2860 539 2944 quotidie:
576 2873 640 2922 tum
672 2862 857 2945 legendum:
895 2860 1077 2945 exstingui
1101 2863 1195 2924 nullo
1221 2860 1325 2923 modo
1349 2881 1464 2942 posse.

135 2944 330 3028 Exstingui
351 2957 382 3007 ct
403 2949 497 3009 nullo
520 2947 615 3007 habet
636 2945 729 3007 etiarn
753 2948 828 3008 cod.
852 2946 962 3029 Lugd.
987 2967 1004 3006 n
1027 2948 1163 3007 secunda
1187 2967 1291 3008 rrranu.
1336 2945 1426 3007 Rus.

221 3031 263 3093 P.
288 3031 340 3091 7-1.
364 3031 386 3091 l.
412 3032 443 3091 6.
467 3031 568 3114 iclquc
591 3031 666 3092 iurc
688 3042 725 3092 ut
749 3029 996 3111 doctissimus]
1025 3031 1125 3115 idque
1152 3031 1280 3094 urebus
1312 3029 1467 3094 doetissi-

137 3135 214 3177 mus
237 3115 367 3194 Lugd,
393 3115 591 3177 adscribentis
614 3118 749 3177 secunda
774 3137 865 3176 runnu
888 3115 918 3176 in
942 3115 1084 3200 margine
1107 3115 1209 3178 iuris.

221 3200 262 3261 P.
289 3201 341 3260 tt.
366 3200 388 3260 l.
414 3202 465 3261 10.
489 3198 694 3281 reclamitat]
718 3201 928 3262 calamitatis
950 3200 1057 3284 Lngd.

222 3284 264 3346 P.
290 3285 341 3346 75.
366 3285 388 3346 Ι.
413 3288 465 3346 16.
489 3286 679 3367 legendum
703 3296 803 3364 puto:
832 3287 923 3347 Ante
948 3297 1080 3349 vestros
1103 3306 1214 3349 annos
1235 3309 1273 3369 p.
1298 3286 1325 3349 i.
1350 3299 1398 3349 tr.
1418 3287 1465 3368 pl.

136 3367 365 3432 temeritatem
389 3390 464 3431 rem
492 3393 533 3432 eo
556 3392 660 3452 posse
685 3368 829 3444 adduci,
865 3381 903 3430 ut
924 3370 1063 3433 omniuo
1086 3415 1256 3434 ......
1278 3392 1321 3434 nc
1345 3370 1385 3448 (l.
1409 3370 1467 3434 da·

138 3452 359 3535 minatione),
393 3453 487 3515 illius
506 3455 692 3537 potcstatis
717 3454 963 3535 abaliencrnur.
1016 3456 1052 3517 ln
1076 3477 1141 3538 qim
1167 3466 1315 3520 extremo
1346 3457 1464 3529 verbo,

137 3539 234 3601 moda
257 3559 322 3601 non
344 3539 511 3622 legendum
535 3539 573 3601 sit
589 3538 792 3613 liberemur,
816 3551 864 3600 est
880 3538 970 3618 ribos
986 3541 1121 3603 hominis
1137 3542 1174 3601 de
1190 3561 1226 3602 rc
1243 3541 1348 3605 invisa
1364 3543 1464 3603 verbo

139 3621 244 3686 odium
271 3621 486 3685 dissimulante
510 3646 579 3685 cum
603 3623 705 3688 ironia
730 3623 859 3687 utcntis:
883 3623 1017 3706 proprie
1037 3625 1116 3687 enim
1141 3625 1275 3687 dicimur
1296 3623 1466 3689 abalienari

137 3708 253 3781 rebus,
285 3707 401 3791 qrsibus
425 3729 569 3771 caremus
599 3708 708 3784 inviti,
745 3722 778 3772 ut
811 3708 959 3771 dicuntur
988 3713 1071 3791 apud
1101 3709 1228 3771 Livium
1262 3711 1383 3775 xxti.
1413 3710 1464 3771 60.

137 3791 325 3856 abalienati
353 3793 430 3856 iure
458 3793 594 3856 ciuium.
641 3795 715 3874 Quo
744 3816 839 3857 sensu
868 3795 1013 3858 dicantur
1041 3795 1124 3857 anni
1152 3816 1222 3857 cum
1251 3815 1352 3878 pron.
1375 3814 1464 3878 poss.

138 3876 314 3963 explicavit
336 3878 493 3943 Ernestus
515 3878 546 3940 in
570 3878 674 3943 Clari.
708 3881 792 3944 Bru.

225 3963 267 4027 P.
293 3961 345 4025 76.
369 3963 392 4025 l.
415 3963 448 4026 3.
472 3962 558 4027 Mihi
576 3963 703 4027 dubium
724 3986 787 4028 non
808 3977 876 4037 cst,
901 3963 991 4049 quin,
1014 3975 1051 4027 ut
1072 3962 1250 4028 sexcenties
1269 3964 1466 4041 factumest,

42 4102 64 4125 ,
139 4048 193 4111 hia
216 4046 307 4110 etiam
331 4049 379 4111 X.
403 4049 557 4131 scriptum
580 4048 620 4122 sit
643 4071 704 4129 pro
727 4051 774 4112 V.
820 4053 906 4116 Rtu.

225 4134 267 4196 P.
292 4133 345 4194 76.
371 4134 394 4196 Ι.
419 4134 472 4197 10.
497 4133 675 4212 Cicurino]
698 4135 858 4199 cecurino
879 4136 990 4220 Lugd.

419 4220 472 4281 16.
496 4218 664 4302 Sicinius]
688 4219 741 4281 sic
763 4220 874 4304 Lugd.

437 4304 468 4366 6.
493 4306 660 4385 Bellutus]
687 4307 832 4368 Velutus
854 4306 962 4389 Lugd.
1069 4294 1078 4317 ‘

369 4218 394 4365 i:
417 4306 433 4365 1

370 4389 394 4450 l.
421 4392 472 4450 17.
497 4394 539 4452 L.
563 4388 736 4469 Albinius]
760 4389 923 4452 Lavinius
947 4393 1056 4473 Lugd.
1082 4392 1186 4457 Scrib.
1210 4395 1252 4456 L.
1277 4392 1439 4457 Albinus.

368 4473 393 4617 ¹l.
419 4476 471 4534 17.
495 4472 710 4554 Patcrrultts]
730 4475 926 4557 patriculus
949 4476 1057 4560 Lugd.

295 4475 309 4530 t

224 4217 254 4281 P
292 4219 332 4279 76

225 4303 254 4365 Ρ
292 4303 331 4363 76

225 4387 254 4450 P
293 4388 333 4449 76

225 4471 254 4533 Ρ
314 4472 331 4532 6

227 4553 256 4617 Ρ
295 4555 334 4617 78
417 4558 472 4620 13.
495 4558 589 4622 Dicit
612 4560 653 4621 ‹lc
674 4560 842 4623 nobilibus
869 4560 963 4622 habet
991 4560 1084 4623 etiam
1112 4560 1363 4626 Ambrosianus.
1408 4561 1472 4625 Ita·

144 4654 206 4720 quc
228 4637 301 4700 unci
338 4641 455 4704 aliendi
477 4656 562 4705 sunt.
608 4644 705 4709 Conf.
729 4643 869 4727 Madvig
890 4643 921 4706 in
945 4643 1081 4726 praelat.
1105 4645 1378 4730 nostrap.V11.

227 4722 257 4868 ll:
293 4722 314 4868 g
372 4724 397 4867 ἲ.
422 4726 454 4788 2.
477 4728 625 4812 quinon
648 4729 827 4810 dixerunt]
850 4728 909 4813 qui
931 4729 1083 4792 nandum
1105 4731 1381 4796 dixeruntRan.

324 4649 335 4700 l

314 4725 335 4783 ⁰
420 4810 460 4871 12
482 4832 573 4897 seqq.
597 4811 681 4878 Cod.
703 4814 812 4896 Lugd.
834 4824 865 4877 et
886 4815 938 4876 cd.
961 4835 1014 4896 pr.
1039 4815 1201 4900 Cassius,-
1222 4818 1299 4881 cod.
1322 4817 1361 4880 in
1381 4816 1465 4892 eius,

317 4806 349 4870 2.
