3202 5318
509 308 944 379 GRAECO-LATINUS.
1348 313 1388 377 st

57 454 244 538 optimum,
277 472 439 538 pugnare
464 475 532 536 pro
557 454 690 536 [ταινία.
746 455 784 515 ad
813 453 1022 530 Att.11.3,
1055 454 1088 517 3.
1122 475 1170 517 ex.
1185 454 1323 519 Homeri
1345 454 1389 519 ll.

55 578 93 632 μ,
125 571 160 610 ν.
185 547 264 610 tls.
1041 540 1044 547 ¹
1389 618 1394 631 ο

134 640 287 724 ’Eupoli
316 640 432 725 λόγου,
462 641 649 724 digressio.
703 641 793 723 „Sed
816 644 897 707 bace
919 643 1031 720 luerit,
1062 655 1098 704 ut
1120 641 1164 706 ait
1185 642 1390 724 Thucydides

56 736 221 819 [1.9t.]‚
253 736 375 818 ἐκβολὴ
407 735 506 819 λόγον
527 758 592 800 non
614 735 771 800 inutilis.'’
816 740 856 800 ad
879 739 950 800 Au.
974 738 1057 800 VII.
1083 738 1120 813 1,
1145 736 1177 799 6.

139 831 361 915 [expansos.
392 834 432 893 ad
455 833 528 895 Au.
552 834 599 896 X.
625 837 656 895 1.
681 832 773 894 Hanc
794 852 904 895 vocem
921 831 953 894 in
970 830 1161 897 Ciceronem
1178 829 1305 895 intrusit
1323 834 1391 898 Bo·

55 916 121 991 sius
148 947 167 988 e
188 924 339 1009 vestigiis
360 923 491 990 Codicis
516 926 594 990 MS.
637 924 814 1006 (Nimirum
835 947 898 1009 pro
918 927 1042 988 verbis:
1067 925 1130 989 sed
1144 936 1259 987 tomen
1280 927 1391 991 laomi-

55 1020 109 1083 nis
135 1022 202 1083 hoc
227 1020 344 1102 ipsum
369 1018 473 1101 probi
495 1020 557 1083 sed
584 1041 749 1103 magnum
771 1021 824 1097 set
847 1025 909 1086 τών
931 1020 1192 1087 πολιτικωτάτων
1214 1031 1276 1082 cet.
1323 1021 1392 1085 Bo·

56 1115 120 1176 sius
150 1113 275 1176 edidit:
308 1114 368 1178 sed
386 1125 501 1177 tamen
523 1114 670 1178 hominis
695 1117 758 1178 hoc
778 1114 890 1198 ipsum
905 1115 1009 1198 probi
1030 1126 1083 1177 est
1105 1125 1288 1197 ἐκμαγεῖον.
1326 1118 1393 1180 Est

58 1214 120 1275 τών
147 1209 410 1274 πολιτικωτάτων
439 1212 524 1287 cet.)
572 1211 637 1273 Sed
661 1231 763 1291 neque
787 1212 817 1271 in
842 1210 1071 1283 Gronoviana,
1102 1210 1260 1293 usquein
1288 1211 1393 1273 Grae-

57 1305 152 1368 viana
178 1315 301 1366 servata
315 1315 374 1369 est.
399 1303 451 1367 Dc
475 1324 555 1367 voce
577 1315 752 1389 ἐκμαγεῖον
768 1327 800 1367 v.
817 1306 919 1368 Voss.
943 1306 984 1367 ad
1007 1302 1127 1367 Catull.
1150 1324 1184 1385 p.
1210 1303 1263 1366 97.
1287 1304 1392 1386 Eam]

141 1402 330 1475 Ἕκτένεια,
359 1399 508 1481 prolixo
544 1410 577 1462 et
615 1402 718 1482 largo
747 1399 857 1463 studii
892 1410 926 1461 et
965 1396 1152 1462 voluntatis
1189 1397 1391 1464 deelaratt'o.

58 1494 183 1577 ‚Quam
202 1494 234 1558 in
255 1516 304 1558 mc
325 1492 544 1559 incredibilem
566 1496 748 1561 ε’κτένειανλ
762 1497 781 1520 ”
826 1495 866 1554 ad
890 1497 960 1557 Att.
982 1494 1029 1556 X.
1052 1494 1108 1567 17,
1137 1492 1169 1552 1.

136 1592 403 1675 Ἐκτενέστερον,
436 1588 615 1671 prolixius
639 1601 672 1652 et
705 1589 841 1672 largius
864 1588 900 1650 in
928 1584 1067 1678 qfsmiis
1089 1585 1335 1669 promittendis
1357 1600 1394 1653 et
1418 1623 1422 1629 -

58 1684 292 1751 benevolentia
313 1685 564 1768 significando.
620 1684 732 1766 „Nihil
753 1705 883 1765 possum
913 1684 1019 1744 dicere
1045 1692 1282 1766 ἐκτενέστερον,
1315 1681 1394 1745 nibil

59 1780 393 1867 σιλοστοργότερον.”
437 1783 477 1842 ad
498 1781 571 1843 Att.
595 1778 698 1842 XIII.
723 1777 759 1860 9,
792 1781 823 1839 1.
875 1777 1054 1858 Utrumque
1084 1786 1133 1837 est
1160 1774 1198 1834 de
1225 1795 1393 1853 sermone,

59 1876 109 1960 qui
137 1876 266 1939 amoris
295 1872 459 1957 officiique
489 1876 583 1956 plane
611 1873 765 1956 insignem
796 1883 892 1955 atque
917 1869 1097 1932 inusitatam
1127 1866 1392 1951 significationem

59 1969 166 2030 habet.
224 1969 306 2030 Nam
336 1968 463 2048 ε’κτενὴς
495 1980 525 2029 et
552 1977 695 2033 ἐκτένεια
721 1965 841 2051 insigne
875 1978 905 2028 et
931 1963 1115 2027 incredibile
1145 1963 1303 2046 quoddam
1327 1975 1393 2026 stu·

60 2062 139 2123 dium
172 2061 389 2142 ardoremque
419 2061 451 2122 iu
478 2082 515 2124 re
548 2061 654 2145 aliqua
683 2059 877 2144 significant.
933 2061 976 2123 Et
1006 2059 1089 2121 hanc
1118 2056 1182 2120 viru
1212 2057 1329 2120 habent
1359 2057 1393 2121 iu

61 2157 206 2219 omnibus
223 2154 324 2229 locis,
350 2155 464 2241 quibus
480 2157 562 2218 sacri
577 2155 753 2236 scriptores
768 2154 806 2217 iis
825 2154 873 2217 usi
895 2165 980 2217 sicut.
1006 2155 1090 2216 Luc.
1103 2150 1223 2216 XXII.
1242 2152 1295 2215 tt.
1312 2154 1391 2217 Act.

60 2252 140 2319 XII.
167 2253 200 2315 5.
226 2250 328 2315 XVI.
352 2254 384 2313 7.
408 2256 425 2313 1
449 2253 542 2315 Pete.
567 2251 597 2314 I.
621 2252 677 2314 77.
701 2251 766 2315 Ν.
790 2249 821 2311 8.
864 2249 949 2311 Ean.

135 2347 328 2429 Ἔκτροκος
348 2376 391 2388 -
410 2345 619 2432 [ἐκτρόπιμος
633 2375 674 2387 ·-
689 2341 919 2428 ε’κτρόποιμος]
954 2356 1089 2408 remota
1107 2368 1131 2409 a
1148 2349 1215 2411 oio.
1260 2396 1274 2421 „
1285 2346 1392 2410 Insula

60 2439 200 2525 Arpinas
224 2442 345 2502 habere
369 2451 475 2520 potest
501 2461 682 2525 germanam
701 2441 908 2503 daobc'mocv:
938 2439 993 2499 sed
1019 2460 1154 2514 vereor,
1179 2464 1217 2504 ne
1240 2444 1393 2504 minorem

61 2537 152 2621 τιμὴν
174 2537 296 2597 habere
320 2532 466 2597 videatur
484 2532 685 2621 ἕκτροπος.”
729 2534 767 2593 ad
785 2535 857 2595 Att.
878 2531 962 2594 XII.
982 2534 1037 2606 17,
1065 2537 1096 2596 1.
1143 2532 1261 2599 Cicero
1280 2557 1394 2598 tironu-

60 2643 195 2695 mentum
220 2631 306 2693 filiae
323 2629 448 2692 'l'ulliae
468 2644 636 2692 exstruere
659 2627 803 2689 volebat.
820 2625 905 2688 Huic
917 2627 1103 2694 ἀποθεώσει
1121 2652 1183 2691 nou
1200 2629 1275 2691 satis
1289 2643 1394 2710 aptam
1479 2634 1483 2656 ¹

60 2728 193 2807 putabat
216 2724 370 2797 insulam,
395 2746 488 2808 quam
513 2725 543 2786 in
566 2722 694 2804 Arpiuo
718 2721 834 2783 fluvius
854 2721 1013 2784 Fibrenus
1027 2724 1188 2788 elliciebat
1210 2728 1262 2802 (de
1283 2726 1392 2808 Legg.

61 2821 105 2885 ll.
129 2822 186 2898 1.)
209 2821 298 2903 quod
318 2818 378 2881 iste
402 2818 493 2881 locus
512 2817 603 2880 nimis
625 2827 710 2879 esset
736 2836 752 2877 a
776 2813 825 2877 via
850 2816 939 2899 regia
961 2831 1123 2893 remotus,
1159 2821 1304 2901 adeoque
1329 2839 1394 2885 non

61 2928 142 2978 esset
168 2914 201 2976 in
232 2925 409 2995 conspectu
437 2911 657 2995 celebrarique
680 2920 803 2992 posset.
858 2911 940 2972 Nam
962 2913 1044 2975 hanc
1073 2913 1173 2993 ipsam
1197 2915 1240 2976 ob
1268 2933 1393 2975 cattsaru

61 3014 97 3072 ad
114 3009 185 3072 vias
204 3009 430 3071 celeberrimas
452 3019 654 3071 monumenta
681 3005 827 3067 solebant
848 3016 997 3068 extruere
1022 3006 1176 3080 Rotnani,
1203 3018 1294 3071 uteo
1313 3005 1394 3068 saci·

62 3105 116 3167 lius
144 3101 301 3167 memoria
329 3102 490 3164 bominum
516 3111 756 3183 propagaretur
779 3101 818 3159 ad
840 3111 1010 3181 posteros,
1036 3114 1067 3163 et
1094 3123 1109 3162 a
1135 3124 1226 3184 quam
1250 3101 1393 3183 plurimis

62 3199 345 3280 conspicerentur:
381 3199 462 3260 unde
487 3199 607 3259 verba:
632 3198 721 3258 Siste
744 3195 896 3277 gradum
922 3196 1053 3258 viator:
1087 3196 1202 3279 quibus
1229 3195 1322 3258 bodie
1350 3195 1395 3259 uti

64 3293 234 3366 nonlicet,
260 3313 332 3353 cum
354 3302 554 3355 monumenta
573 3288 751 3351 huiusmodi
765 3288 843 3350 locis
858 3289 974 3352 clausis
992 3300 1023 3352 et
1038 3289 1176 3371 saeptis,
1202 3313 1265 3354 uon
1289 3291 1319 3353 in
1342 3293 1394 3354 via

64 3389 142 3448 sint:
169 3397 204 3448 ut
224 3387 340 3449 merito
360 3386 500 3448 rideatur
527 3383 619 3446 ctiam
642 3387 812 3447 doctorum
835 3384 999 3447 homiuum
1022 3387 1054 3446 in
1070 3407 1106 3447 ea
1128 3408 1163 3448 rc
1184 3385 1309 3449 indocta
1334 3413 1394 3450 κα-

65 3490 202 3561 κοζηλία.
248 3483 335 3544 Eas.

141 3575 371 3656 Ἐκσώνησις,
401 3573 626 3639 exclamatio.
678 3572 772 3646 „Tua
800 3570 858 3634 ista
885 3574 999 3635 crebra
1028 3573 1230 3654 ἐκφώνησιςε
1259 3577 1406 3662 ὕπερον,

67 3693 111 3734 me
135 3671 205 3734 sola
227 3673 331 3732 adbuc
355 3668 564 3733 delectavit.”
609 3669 647 3728 ad
670 3670 741 3729 Att.
760 3668 809 3729 X.
834 3670 869 3740 1,
895 3667 927 3729 3.

140 3765 320 3843 Ἐκχνσις,
348 3761 511 3854 fffnsio,
542 3762 610 3825 scil.
635 3760 813 3823 radiorum.
865 3762 925 3841 „Si
950 3766 1019 3827 κατ’
1050 3764 1189 3829 εἰδώλων
1216 3766 1394 3848 ἐμπτώσεις

68 3860 260 3935 rideremus,
298 3858 391 3920 valde
418 3858 602 3921 laborarent
629 3861 747 3921 εἰδωλα
773 3855 805 3916 in
832 3858 1009 3940 angustiis:
1041 3879 1123 3920 ntrnc
1145 3859 1182 3920 fit
1210 3861 1313 3943 lepide
1339 3859 1395 3920 illa

66 3954 193 4033 ἔκχυσις
215 3952 420 4016 radiorum.”
466 3954 504 4015 ad
527 3953 599 4014 Att.
628 3950 678 4014 Π.
702 3950 738 4027 3,
771 3951 804 4014 7.
849 3953 987 4016 Veteres
1013 3954 1094 4017 enim
1119 3956 1273 4035 putabant
1297 3953 1396 4018 visio·

67 4072 128 4112 nem
154 4047 228 4112 lieri
246 4048 409 4110 radiorum
437 4069 477 4109 ex
505 4045 604 4109 oculis
630 4045 810 4109 emissione.
835 4047 918 4110 Eas.
964 4045 1063 4112 Conl.
1087 4048 1198 4114 Ἔστω
1222 4049 1303 4127 ὄψις
1330 4058 1393 4112 cet.

140 4142 329 4221 Ἐ’λάπιζεν.
353 4140 440 4205 Vide
463 4146 632 4219 Λαπὶζειν.

140 4241 361 4316 Ἐλιὶχιστον,
395 4236 586 4299 minimum.
630 4233 786 4311 „Tertius
808 4236 934 4319 quidam
955 4251 1059 4303 motus
1076 4238 1180 4303 oritur
1204 4248 1293 4300 extra
1314 4260 1395 4319 pon·

69 4334 116 4394 dus
144 4346 176 4395 et
199 4332 345 4413 plagam,
382 4352 452 4393 cum
477 4330 612 4393 declinat
638 4342 762 4394 atomus
789 4332 958 4394 intervallo
988 4333 1132 4395 minimo.
1186 4332 1225 4393 Id
1255 4333 1395 4416 appellat

71 4426 273 4507 ελάχτστόν.”
319 4426 357 4487 de
377 4426 461 4488 Fato
490 4429 545 4499 10,
571 4426 623 4488 77.

141 4522 283 4589 ιΙίλικτὰ
310 4533 366 4585 καὶ
386 4524 496 4596 οὐδέν,
519 4520 699 4605 ambages,
726 4521 930 4583 diverticula
951 4520 1087 4584 erniltil
1103 4532 1301 4602 praeterea.
1326 4523 1394 4585 Eu·

74 4615 170 4699 ripidis
197 4617 426 4682 Andromacha
451 4618 506 4697 [v.
531 4613 627 4696 dtu]
654 4613 701 4678 sie
718 4617 814 4679 habet
840 4615 998 4699 integrum
1027 4619 1153 4678 locum:
1179 4618 1290 4681 ἑλικτοὶ
1317 4620 1394 4681 κου’-

76 4715 115 4777 ltr
131 4717 236 4796 ὑγιές,
260 4710 349 4775 <tutat
368 4711 475 4774 πάντα
498 4713 590 4790 πέριξ
616 4713 830 4796 φρονοῦντες,
853 4731 1000 4793 quornm
1021 4731 1115 4773 mens
1134 4721 1186 4773 est
1207 4709 1394 4774 involueris

17 4838 21 4857 .
78 4807 304 4884 circumtecta,
335 4804 459 4889 quique
486 4804 624 4867 rninirue
654 4805 789 4868 sincero
816 4816 849 4867 et
877 4804 1024 4868 candido
1053 4804 1137 4869 estis
1166 4804 1302 4882 animo,
1332 4801 1396 4866 sed
