3202 5318
218 327 266 419 ’τι
812 352 963 418 lunen

220 498 377 561 cendum.
425 545 439 572 „
451 500 494 562 Ut
519 495 599 560 enim
624 486 787 568 Pindaro,
818 494 865 557 sic
887 500 964 574 δίχα
984 521 1043 579 μοι
1062 494 1136 571 νόος
1159 498 1329 581 ἀτρέκειαν
1347 508 1458 564 εἰπεῖν.
1468 496 1486 525 ”
1515 501 1554 560 ad

220 592 293 656 Au.
316 592 417 657 XIII.
441 593 499 667 38,
524 592 557 653 9.
602 589 681 654 Vid.
705 591 851 654 Boeckb.
876 591 916 652 ad
938 589 1035 653 Pind.
1058 590 1102 653 fr.
1128 590 1202 654 199.

305 690 452 768 Διψιὸσα
475 687 594 771 κρήνη,
628 686 750 748 aridus
780 685 832 747 vel
865 684 1065 748 siticulosus
1082 683 1197 776 sons,
1231 684 1262 746 in
1295 706 1360 769 quo
1394 685 1472 749 nihil
1506 700 1554 751 est

115 826 119 835 ·
219 801 334 864 aquae.
358 783 449 855 „Fac
471 801 535 842 non
558 784 598 843 ad
621 785 777 860 διψῶσαν
799 779 937 863 κρήνην,
966 780 1023 840 sed
1045 781 1084 840 ad
1106 779 1274 865 Πειρήνην
1296 801 1366 841 eum
1392 781 1553 844 venisse.’'

143 906 145 911 ¹
220 878 260 938 ad
290 877 360 941 Au.
384 876 468 940 XII.
494 876 533 951 5,
570 880 601 938 1.
626 909 668 920 -
722 874 771 938 Ita
796 874 994 956 appellatur,
1027 871 1118 935 citius
1140 886 1188 936 est
1211 894 1264 936 res
1287 884 1421 957 angtrsta
1444 877 1550 955 domi,

219 970 276 1055 qui
296 971 329 1032 io
353 970 508 1054 augustiis
532 981 580 1032 est
601 967 650 1031 rei
670 966 850 1032 familiaris.
895 968 981 1030 Ean.
1434 960 1440 969 ’

305 1065 486 1150 Δόμμοιτα,
515 1064 673 1136 δεινοῖο,
700 1063 842 1145 placita.
888 1109 902 1134 „
913 1060 1090 1143 Sapientiae
1109 1084 1190 1126 vero
1217 1063 1292 1147 quid
1314 1063 1457 1126 futurum
1481 1066 1551 1130 est?

222 1182 305 1245 quae
327 1181 430 1242 neque
455 1161 493 1222 de
515 1179 549 1221 se
570 1156 640 1239 ipsa
664 1158 810 1220 dubitare
825 1158 945 1251 debet,
979 1158 1080 1238 neque
1114 1159 1152 1219 dc
1181 1157 1246 1220 suis
1279 1161 1417 1225 decretis
1450 1168 1550 1248 (quac

217 1254 404 1340 philosophi
427 1265 547 1317 vocant
568 1252 758 1337 ddppara):
782 1273 920 1334 quorum
943 1251 1061 1313 nullum
1085 1252 1153 1316 siue
1180 1253 1302 1317 scelere
1334 1257 1431 1338 prodi
1460 1271 1551 1341 pote·

217 1348 297 1416 rit.'’
341 1350 445 1413 Acad.
469 1348 518 1412 II.
542 1346 579 1421 9,
605 1349 656 1410 tt.
682 1382 722 1393 -
748 1345 929 1426 „Quoniam
955 1346 1036 1409 enim
1058 1347 1091 1408 id
1113 1349 1268 1410 haberent
1289 1350 1476 1415 Academici
1498 1357 1550 1417 de·

219 1457 341 1510 cretum
364 1442 508 1525 (sentitis
531 1442 613 1505 enim
636 1442 698 1504 iam
721 1443 785 1505 boc
808 1464 856 1504 me
879 1441 989 1535 δόγμα
1011 1443 1157 1523 dicere),
1183 1441 1260 1506 nihil
1282 1464 1380 1526 posse
1403 1448 1548 1531 percipi;

218 1562 282 1605 nou
307 1540 424 1603 debere
447 1558 502 1600 eos
526 1535 557 1599 in
579 1556 639 1601 suo
662 1539 794 1600 decreto
817 1536 898 1600 sicut
918 1536 951 1599 in
973 1536 1092 1599 ceteris
1115 1538 1211 1599 rebus
1225 1536 1392 1603 fluctuare.
1401 1539 1420 1568 ’'
1444 1544 1548 1608 Acad.

218 1634 267 1701 11.
291 1637 328 1710 9,
353 1634 405 1700 99.

138 1781 140 1786 .
303 1730 446 1807 Δολιχὸν
481 1728 583 1795 πλόον
618 1729 850 1814 ὁρμαίνοντες,
887 1730 1029 1811 longum
1066 1726 1323 1810 nauigationem
1357 1731 1548 1797 molientes.

218 1825 268 1888 Ex
291 1822 393 1887 Hom.
417 1824 537 1903 Odyss.
561 1851 593 1907 y.
619 1845 653 1886 v.
678 1823 751 1886 169.
794 1824 877 1903 „Sed
896 1826 1065 1905 putabam,
1098 1844 1167 1883 cum
1192 1821 1352 1907 Rhegium
1376 1827 1547 1904 venissem,

217 1918 311 1994 fore,
343 1929 377 1979 ut
398 1917 464 1980 illic
485 1919 621 1996 δολιχόν
648 1916 751 1984 πλόον
779 1916 988 2001 ὁρμαίνοντες
1020 1916 1255 2001 cogitaremus,
1289 1919 1456 1983 ⁰0¹'bilasse
1486 1924 1550 1987 Pa·

217 2025 283 2077 tras
307 2033 345 2074 an
369 2012 551 2076 actuariolis
576 2015 615 2074 ad
637 2014 874 2093 Leucopetram
892 2011 1160 2083 Tarentinorum,
1186 2021 1235 2072 ast
1250 2011 1324 2074 inde
1347 2013 1545 2095 Corcyram:

218 2118 269 2181 et,
295 2105 321 2169 si
345 2107 510 2180 oneraria,
535 2107 682 2169 statimne
703 2105 791 2169 freto
815 2127 853 2167 au
877 2103 1086 2185 Syracusis.’'
1137 2107 1176 2166 ad
1207 2108 1279 2169 Au.
1311 2108 1413 2173 XVI.
1444 2111 1478 2186 6,
1517 2116 1547 2176 1.

303 2201 447 2280 Δολιχὸν
478 2201 580 2267 πλόον
613 2205 837 2286 ὁρμαίνοντα,
873 2203 1021 2283 longam¹
1047 2198 1304 2282 navigationem
1340 2203 1547 2270 molientem.

219 2294 385 2370 ,Obviam
416 2294 491 2358 milri
520 2296 556 2358 lit
586 2296 789 2370 tabellarius,
826 2293 879 2378 qui
904 2315 951 2356 me
980 2292 1116 2357 offendit
1144 2295 1278 2374 δολιχὸν
1303 2297 1405 2362 πλόον
1431 2299 1549 2387 ὁρμαί-

216 2389 358 2456 νοντα.”
402 2392 440 2452 ad
465 2392 535 2453 Au.
559 2391 661 2453 XVI.
686 2391 765 2467 132,
790 2392 820 2455 1.

304 2484 518 2570 [Δρομόδεν,
544 2506 729 2547 excursu.
760 2486 799 2547 ad
822 2486 894 2547 Au.
919 2482 985 2549 XI.
1010 2484 1047 2558 (r,
1077 2482 1109 2544 2.
1155 2484 1218 2545 Sed
1241 2484 1320 2561 haec
1341 2486 1438 2550 lectio
1461 2501 1548 2552 este

215 2579 318 2645 Bosio
341 2579 447 2642 efficta
472 2577 648 2641 electione
671 2577 756 2643 Cod.
776 2576 989 2643 Cruselliani:
1023 2577 1213 2649 dromo,de
1235 2600 1337 2643 nunc.
1362 2582 1549 2647 Ttrnstallus

216 2671 248 2736 in
274 2672 383 2756 Epist.
411 2677 450 2737 ad
475 2675 670 2737 Middleton.
701 2695 737 2756 p.
763 2674 836 2736 158.
858 2672 1031 2737 rescribit:
1068 2672 1190 2757 Δρόμῳ
1214 2685 1247 2735 te
1277 2696 1366 2738 natac
1388 2679 1454 2754 (sc.
1479 2677 1548 2756 fer)

216 2768 264 2831 ad
288 2769 451 2851 Oppium.
476 2769 563 2832 Ean,
608 2768 670 2832 Sed
693 2768 765 2830 vide
789 2767 1025 2831 annotationem
1048 2776 1190 2828 nostram
1213 2770 1250 2830 ad
1274 2769 1306 2834 h.
1333 2771 1354 2832 l.
1380 2769 1437 2852 S.]

303 2866 399 2946 Δρῦς.
428 2863 637 2940 videmur.

303 2957 468 3033 Δυνατόν,
492 2957 585 3042 quod
597 2957 689 3035 fieri
706 2969 842 3040 potest,
862 2955 1042 3041 possibile.
1067 2958 1158 3038 „Sed
1181 2958 1219 3020 de
1241 2959 1289 3022 his
1313 2958 1407 3023 etiam
1431 2965 1545 3038 rebus,

218 3053 315 3119 otiosi
337 3075 407 3114 cum
431 3049 569 3128 erimus,
591 3052 773 3136 loquemur:
798 3052 968 3117 boeotiam
984 3052 1069 3118 nutri
1086 3052 1283 3140 Χρύσιππον
1300 3059 1441 3124 δυνατόν
1458 3072 1518 3124 est.
1528 3060 1545 3088 ''

217 3151 256 3211 ad
278 3149 371 3211 Fam.
396 3146 458 3210 IX.
483 3147 514 3209 l.

302 3244 592 3327 Δοσδιάγνωστος,
626 3238 793 3334 difficilis
824 3236 1031 3305 diiudicutu.
1091 3243 1167 3316 ,De
1200 3243 1256 3309 illo
1290 3247 1415 3323 altero,
1452 3271 1546 3334 quem

216 3337 330 3402 scribis
345 3336 402 3399 tibi
423 3337 522 3400 visum
547 3359 703 3401 essenon
726 3337 878 3410 alienum,
903 3359 1020 3400 vereor
1043 3337 1154 3400 adduci
1178 3349 1212 3401 ut
1234 3353 1343 3405 nostra
1367 3344 1492 3425 possit;
1516 3355 1547 3406 et

216 3443 250 3494 tu
273 3431 318 3496 ais
341 3433 605 3516 δυσδιάγνωστον
629 3431 742 3495 esse.''
787 3432 826 3494 ad
848 3434 920 3495 Att.
945 3435 991 3495 V.
1018 3433 1055 3506 lt,
1080 3433 1112 3496 9.

301 3529 515 3611 Λυοενττρία,
541 3528 785 3591 intestinorum
804 3529 964 3602 morbus,
997 3527 1210 3613 dysenteria.
1261 3529 1372 3610 „Sane
1401 3537 1545 3600 duorum-

216 3632 293 3708 ρίαι
315 3621 581 3703 pertimueram.''
626 3624 664 3684 ad
686 3623 779 3685 Fam.
803 3622 887 3685 VII.
911 3623 969 3697 26,
1002 3624 1033 3684 1.

301 3721 547 3796 Λυσεξίλλητος,
574 3737 641 3779 vox
664 3715 778 3792 dubia,
803 3738 896 3801 quarn
920 3738 938 3778 a
962 3737 993 3782 v.
1021 3721 1133 3796 ἐξίλλω
1158 3720 1294 3794 ducunt,
1318 3725 1455 3798 evolvo,
1484 3748 1546 3788 ex·

209 3811 323 3896 plico:
348 3808 515 3902 difficilis
540 3811 730 3894 explicatu.
753 3824 757 3833 '
778 3859 792 3886 „
805 3812 895 3892 Quae
920 3830 983 3874 non
1006 3833 1071 3895 quo
1094 3824 1126 3874 te
1147 3813 1247 3877 celem
1270 3836 1334 3877 nou
1356 3818 1544 3897 perscribo,

214 3907 272 3970 sed
294 3904 369 3992 σοῖο
393 3909 600 3985 δυσιξίλλητα
623 3905 737 3967 sunt.''
782 3909 822 3968 ad
843 3906 914 3969 Att.
938 3907 985 3968 V.
1011 3908 1070 3980 10,
1101 3908 1133 3970 3.
1186 3906 1251 3970 Alii
1282 3910 1393 3988 legunt
1423 3918 1546 3994 δυσεξί-

214 4028 320 4087 μητα,
345 4023 433 4087 quae
459 3999 510 4063 ita
533 3999 691 4063 demersa
715 4011 796 4062 sunt
820 4011 854 4063 et
879 4000 1014 4075 abdira,
1049 4013 1089 4064 ut
1109 4002 1171 4064 vix
1196 4025 1213 4064 e
1236 4001 1422 4092 profundo
1446 4008 1547 4071 edrici

211 4096 367 4180 possint,
400 4096 439 4157 ab
461 4099 595 4178 ἐξιμᾷν,
620 4092 789 4180 proferre
811 4093 1044 4184 eprosuudo.
1097 4093 1239 4160 Orellius
1267 4096 1437 4180 legendum
1468 4123 1547 4185 pro·

213 4190 325 4274 posuit
347 4193 552 4270 δυσεξέλικτα
575 4190 685 4252 eodem
710 4210 774 4271 qtto
799 4193 1005 4269 δοσεξίλλητα
1027 4211 1133 4253 sensu.

301 4288 488 4375 Δυσονρία,
512 4288 635 4347 urinae
652 4280 866 4370 difficultas.
891 4336 907 4366 ‚,
919 4287 1088 4371 Δυοοορία
1108 4295 1161 4348 tua
1178 4283 1251 4347 mihi
1269 4286 1360 4349 valde
1375 4289 1545 4356 molesta.”

217 4381 258 4442 ad
281 4381 351 4444 Att.
374 4383 419 4447 X.
442 4382 498 4454 10,
524 4379 555 4442 3.

223 4534 228 4541 .
301 4475 493 4562 Δυσουρικά
520 4487 577 4540 καί
603 4475 811 4560 δυσεντερικὰ
838 4475 946 4554 πάδη,
972 4474 1095 4536 urinae
1126 4471 1329 4564 disjicrdtas
1352 4489 1385 4540 et
1411 4477 1547 4543 intesti-

215 4588 343 4630 norum
365 4568 487 4632 morbi.
532 4567 632 4653 ,Ego
655 4580 758 4632 alitem
782 4590 852 4631 carm
877 4590 987 4634 omnes
1011 4570 1142 4631 morbos
1165 4568 1364 4646 reformido,
1389 4583 1456 4634 tum
1481 4595 1547 4657 quo

215 4660 393 4743 Epicurum
418 4672 504 4724 tuum
527 4663 630 4727 Stoici
653 4664 732 4727 male
755 4663 930 4748 accipiunt,
955 4661 1029 4747 quia
1053 4660 1134 4724 dicat
1156 4665 1336 4752 δυσουρικσὶ
1358 4677 1415 4730 καί
1435 4672 1547 4734 δυσεν-

216 4755 328 4843 τερικὰ
350 4756 440 4837 πάδη
470 4755 531 4820 sibi
563 4759 697 4823 molesta
732 4780 825 4823 esse:
860 4777 997 4844 quorum
1032 4757 1164 4820 alterum
1198 4761 1345 4824 morbum
1383 4760 1546 4827 edacitatis
