3202 5318
154 306 217 371 ιιι
244 400 248 405 ¹
631 304 783 371 ruoux
802 302 984 369 nucum

150 446 273 513 Contra
295 450 354 511 lex
375 442 531 513 Domitio
551 458 599 509 est
619 445 675 509 ein
704 446 895 527 Vorsehlag
918 464 966 508 zat
987 444 1098 507 cinam
1124 447 1284 518 Geretae,
1319 443 1395 528 quia
1419 455 1464 507 est

148 541 227 604 iuris
245 541 374 624 publici.
419 540 500 605 Cum
519 551 621 603 autem
637 536 856 626 legsmfem
871 537 1099 600 centuriatum
1110 537 1346 621 cariosamque
1357 533 1465 599 dicunt

148 635 272 710 Latini,
300 634 374 696 nibil
391 635 474 696 aliud
489 635 597 696 dicunt
617 634 694 696 nisi:
719 655 735 697 e
758 631 894 695 formula
920 629 1053 694 solenni
1079 629 1278 713 interrogare
1296 629 1463 711 populum,
1499 698 1503 712 Ι

43 768 55 783 .
149 749 240 810 quem
257 727 331 789 velit
346 728 560 811 magistratum
576 747 701 800 creares
717 725 834 788 velitne
845 724 937 787 alicui
945 723 992 786 rei
1008 723 1148 785 militaris
1163 721 1463 786 administrationem

148 820 343 891 committere
373 840 487 893 necne;
522 820 598 883 velit
629 819 674 900 (in
702 819 773 899 lege
807 816 939 894 curiata)
968 816 1148 897 adoptionis
1178 816 1359 879 facultatem
1389 819 1464 879 darc

147 923 231 975 cet.:
253 911 285 975 in
304 911 417 994 quibus
432 912 520 976 nullo
540 915 634 976 modo
650 911 840 975 vocabulum
857 921 999 973 nostrum
1021 910 1076 972 ein
1091 913 1216 973 Geretz
1234 909 1339 972 locum
1356 910 1462 971 habet.

147 1008 211 1071 lam
238 1004 328 1090 quia,
353 1027 434 1090 quae
459 1007 507 1069 his
536 1005 659 1087 legibus
688 1007 904 1085 rogabantur,
940 1024 1009 1066 cum
1038 1025 1055 1066 a
1086 1003 1208 1084 populo
1234 1002 1318 1066 iussa
1346 1014 1460 1070 essent.

146 1101 293 1162 tenebant
324 1101 494 1181 populum,
528 1110 700 1181 propterea
734 1097 850 1160 sactum
885 1108 948 1171 est,
988 1107 1023 1158 ut
1050 1099 1109 1158 lex
1140 1098 1298 1159 diceretur
1331 1095 1460 1167 deinde,

61 1204 70 1229 ·'
144 1193 305 1276 qisicquid
325 1205 415 1256 tanet
433 1195 620 1276 populum..
655 1193 698 1255 Et
721 1192 784 1254 hoc
806 1201 872 1262 est,
901 1192 988 1271 quod
1012 1210 1070 1250 nos
1094 1188 1225 1251 dicimus
1244 1187 1303 1251 ein
1325 1191 1461 1253 Geretz.

145 1286 229 1349 Illud
250 1286 342 1349 etiam
363 1286 474 1350 attinet
499 1287 623 1363 dicere,
647 1306 716 1348 cum
740 1282 948 1364 imperatores
975 1283 1113 1346 Romani
1135 1294 1190 1345 aut
1210 1304 1303 1368 reges
1331 1283 1371 1345 de
1396 1282 1463 1344 iurr

143 1377 228 1442 cirili
251 1380 446 1461 publicoque
465 1379 675 1453 constituunt,
699 1399 763 1439 non
787 1376 874 1459 leges
893 1375 1027 1458 proprie
1050 1375 1126 1450 dici,
1151 1377 1359 1450 sereniora,
1383 1396 1464 1440 eon.

142 1469 356 1546 alitationes,
381 1484 416 1535 ut
435 1493 454 1536 e
473 1473 562 1536 libris
585 1470 669 1535 Iuris
693 1469 823 1546 Civilis,
848 1468 969 1535 Codice
993 1469 1221 1533 'l'heodosiano
1240 1481 1304 1534 cet.
1327 1469 1460 1553 intelligi

141 1572 269 1645 potem
290 1584 360 1625 cum
386 1574 487 1628 autem
510 1563 604 1629 alicui
625 1567 803 1629 concedunt
829 1563 947 1648 aliquid
973 1563 1108 1625 muneris
1132 1563 1183 1625 vel
1203 1561 1369 1637 beneficii,
1387 1581 1460 1624 eam

140 1658 252 1739 legem
278 1657 431 1739 appellari
459 1680 555 1740 posse
578 1680 611 1721 v.
634 1681 664 1721 c.
688 1679 749 1738 pro
777 1657 904 1743 volgari
930 1680 977 1719 ex
1002 1657 1188 1741 Prioilegio
1217 1659 1317 1722 Caes.
1344 1654 1461 1721 Maie-

140 1748 244 1812 statis
256 1761 317 1812 aut
334 1750 441 1834 Regia
459 1752 580 1815 dicetur
594 1751 731 1814 Latinos
754 1753 890 1834 exlege
906 1752 1093 1825 Caesarea,
1117 1749 1235 1831 regia,
1248 1761 1332 1823 aut,
1356 1770 1461 1833 quam

141 1840 234 1904 dixit
255 1845 384 1908 Caesar·
405 1849 456 1908 uel
476 1850 566 1911 Rex.
611 1847 692 1908 Nam
708 1847 795 1927 quod
813 1855 942 1907 auctore
962 1842 1146 1925 Pomponio
1165 1843 1251 1917 aiunt
1264 1845 1377 1926 legem
1392 1864 1460 1906 esse

140 1932 266 2015 patricii
293 1935 492 2020 magistratus
515 1948 651 2012 tantum;
689 1936 885 2017 plebeiorum
909 1938 945 2013 (i.
968 1957 998 2000 e.
1023 1936 1234 2015 tribunorum)
1260 1937 1461 2019 plebiscita,

24 2090 28 2094 .
139 2026 172 2089 id
200 2048 274 2092 usus
299 2029 400 2094 omnis
424 2031 618 2116 antiquitatis
639 2030 775 2105 refellit,
811 2053 893 2115 quae
921 2035 960 2093 de
980 2031 1121 2114 utrisque
1144 2029 1326 2112 promiscue
1347 2033 1460 2114 legem

140 2119 237 2196 dixit,
253 2125 441 2203 praesertim
458 2142 665 2210 posteaquam
687 2146 740 2199 ea,
758 2146 839 2208 quae
856 2124 947 2206 plebs
964 2123 1103 2186 iussisset
1117 2121 1330 2204 (plebiscita),
1349 2144 1457 2187 omnes

140 2214 280 2293 Quirites
309 2228 418 2281 tenere
448 2240 602 2300 coepere,
636 2220 827 2300 eandemque
856 2220 936 2281 adeo
966 2217 1027 2279 vim
1057 2219 1196 2280 habuere
1221 2237 1292 2279 cum
1318 2217 1456 2301 legibus,

139 2328 219 2388 quas
240 2311 441 2393 magistratus
461 2311 612 2394 patricius
636 2310 774 2375 comitiis
797 2309 978 2373 centuriatis
1007 2309 1202 2389 pertulisset.
1246 2311 1338 2374 Haec
1363 2331 1456 2393 prae-

138 2399 201 2463 fari
223 2400 361 2483 placuit,
387 2406 473 2486 quod
494 2403 706 2467 intelleximus
724 2426 799 2478 usu,
823 2402 940 2466 nostris
958 2402 1138 2466 homiuibus
1156 2404 1235 2465 baec
1257 2404 1359 2487 volgo
1383 2403 1457 2465 satis

139 2505 214 2557 nota
235 2518 299 2560 non
320 2520 408 2575 esse,
432 2521 533 2583 neque
553 2499 583 2562 in
609 2497 718 2562 lexicis
742 2496 871 2561 vidimus
899 2496 974 2560 satis
1000 2496 1147 2559 distincte
1168 2495 1261 2560 tradi.
1306 2496 1457 2582 Sequitur

138 2587 286 2674 deinceps
310 2591 450 2675 ipsarum
475 2594 580 2677 legum
602 2591 878 2658 commemoratio.
923 2592 1006 2656 Eas.

501 2751 624 2813 Acium
646 2750 688 2813 de
709 2749 851 2814 coloniis
873 2748 1092 2812 detlucendis.

225 2871 288 2948 ῃ0.
310 2871 444 2935 Acilius
465 2870 609 2934 tribunus
632 2870 732 2952 plebis
756 2874 800 2946 (a.
817 2893 850 2932 u.
867 2871 956 2948 556.)
979 2869 1067 2945 tulit,
1093 2880 1127 2933 ut
1148 2868 1287 2954 quinque
1308 2872 1456 2938 coloniae

14 2982 17 2987 ·
137 2960 170 3023 iu
205 2982 293 3025 oram
326 2964 508 3027 maritimam
543 2967 790 3039 deducerentur,
825 2965 905 3029 duae
934 2966 973 3026 ad
1001 2947 1082 3025 ostiai
1111 2963 1271 3028 fluminum
1302 2966 1456 3029 Vulturni

137 3053 341 3138 Liternique,
381 3078 441 3119 una
473 3059 646 3132 Puteolos,
684 3079 746 3119 una
780 3058 820 3119 ad
851 3068 986 3119 castrmu
1020 3056 1161 3118 Salerni.
1194 3058 1243 3121 his
1272 3058 1455 3125 Buxentum

137 3146 313 3211 adiectum.
335 3159 480 3212 trecenae
499 3151 633 3213 familiae
652 3151 682 3212 in
698 3150 836 3235 singulas
857 3150 999 3214 colonias
1020 3149 1207 3212 iubebantur
1227 3151 1328 3216 mitti.
1345 3154 1457 3217 trium-

136 3239 197 3303 viri
220 3243 409 3305 deducendis
431 3243 484 3319 iis,
508 3245 562 3328 qui
583 3267 643 3325 per
663 3244 829 3306 triennium
853 3245 1068 3327 magistratum
1084 3245 1253 3321 haberent,
1278 3245 1380 3309 creati
1401 3247 1453 3309 M.

136 3333 290 3396 Servilius
314 3336 484 3412 Geminus,
516 3338 559 3418 Q.
584 3337 738 3402 Minutius
762 3340 937 3412 Thermus,
976 3337 1029 3399 Ti.
1053 3338 1261 3421 Sempronius
1281 3340 1453 3425 Longus.''

136 3427 212 3492 Liv.
234 3428 387 3493 XXXII.
411 3430 465 3494 29.
498 3503 500 3506 Α

497 3587 622 3651 Acium
645 3589 687 3652 da
705 3589 860 3672 pecuniis
882 3588 1091 3672 repetundis.

220 3710 307 3785 „Fac
332 3708 389 3773 tibi
415 3719 566 3792 pateruae
589 3708 670 3793 legis
693 3710 826 3776 Aciliae
852 3708 958 3774 veniat
983 3708 1014 3772 in
1032 3720 1185 3784 mentem,
1210 3730 1273 3794 qua
1301 3712 1375 3795 lege
1395 3732 1455 3795 po·

135 3803 229 3884 pulus
257 3805 421 3868 Romanus
446 3805 483 3866 de
508 3803 649 3884 pecuniis
673 3803 854 3885 repetundis
882 3803 1008 3885 optimis
1036 3803 1158 3866 iudiciis
1183 3803 1453 3889 severissimisque

134 3896 289 3961 iudicibus
304 3916 379 3961 usus
394 3895 477 3960 est.''
513 3898 613 3961 Verr.
630 3897 706 3963 Act.
723 3898 753 3961 I.
773 3900 827 3974 17,
846 3897 898 3960 51.
922 3931 963 3943 -
985 3897 1151 3971 „Manius
1165 3898 1298 3962 Acilius
1310 3899 1454 3963 Glabrio

135 3991 236 4076 legem
263 3990 415 4059 Aciliam
442 3988 514 4053 tulit
539 3992 580 4052 de
602 3989 743 4071 pecuniis
769 3990 950 4072 repetundis
976 3991 1227 4054 severissimams
1264 3990 1299 4054 in
1328 4013 1393 4077 qna
1415 4014 1454 4056 ne

134 4083 409 4166 comperendinari
439 4083 564 4168 quidem
596 4082 670 4147 licet
701 4083 826 4147 reum.''
884 4084 1203 4149 Pseudo-Asconius
1235 4106 1270 4166 p.
1303 4084 1380 4151 last.
1412 4128 1454 4143 .-

136 4181 231 4262 ,Ego
253 4177 311 4241 tibi
332 4179 417 4241 illam
438 4175 587 4243 Aciliam
608 4177 711 4261 legem
733 4177 885 4255 restituo,
909 4201 970 4262 qua
992 4179 1064 4261 lege
1085 4178 1173 4241 multi
1187 4177 1283 4241 semel
1298 4179 1451 4255 accusati,

133 4272 230 4334 semel
254 4272 336 4334 dicta
358 4294 469 4351 causa,
493 4273 590 4337 semel
612 4270 723 4334 auditis
745 4272 896 4348 testibus,
920 4270 1120 4336 condemnati
1139 4282 1229 4347 sunt,
1253 4292 1454 4356 nequaquam

133 4374 194 4425 tam
216 4366 387 4430 manifestis
410 4388 511 4451 neque
535 4365 627 4429 tantis
648 4363 847 4439 criminibus,
872 4365 995 4451 quantis
1016 4375 1049 4428 tu
1073 4364 1309 4429 convinceris.”
1352 4366 1458 4431 Verr.

133 4454 189 4519 lib.
214 4457 381 4532 1.9,26.
412 4494 454 4508 -
485 4459 658 4536 ,Aciliam
677 4459 801 4544 legens]
824 4459 928 4523 Acilii
948 4458 1166 4535 Glabrionis,
1200 4458 1300 4542 patris
1319 4457 1453 4523 animes

132 4550 309 4630 praetoris,
333 4556 458 4637 dequo
482 4553 576 4617 etiam
599 4574 695 4634 supra
718 4550 817 4625 dixit3
840 4573 921 4637 quae
943 4553 995 4616 lex
1018 4572 1118 4636 neque
1142 4550 1456 4634 comperendinatio·

132 4662 201 4705 nem
224 4662 326 4726 neque
349 4646 580 4728 ampliationem
602 4644 731 4710 habet.”
774 4645 1095 4711 Pseudo-Asconius
1117 4668 1150 4727 p.
1174 4647 1247 4711 ma.

215 4736 309 4801 Hanc
332 4736 436 4821 legera
458 4739 552 4804 latam
576 4761 645 4804 esse
667 4760 685 4801 a
712 4738 780 4804 ils.
802 4738 916 4804 Acilio
945 4740 1002 4805 M.
1031 4743 1073 4831 F.
1099 4742 1151 4806 M.
1175 4742 1224 4807 N.
1246 4738 1449 4810 Glabrione.
