3202 5318
545 349 697 416 INDEX
718 350 899 417 LEGUM.
1043 373 1046 377 ’
1325 357 1386 421 245

55 494 198 579 popalus
217 492 382 559 Romanus
398 490 589 576 significavit
607 491 817 556 voluntatem.
861 493 1075 556 Nuucautcm
1096 494 1240 560 homines
1258 496 1290 560 in
1311 518 1386 580 spc-

55 587 137 654 culis
159 597 254 651 aunt:
286 587 478 660 observant,
503 586 765 669 quemadmodum
792 606 861 650 sese
883 588 1101 673 unsuquisquc
1124 601 1265 659 vestrum
1292 604 1385 676 gerat

54 686 89 748 in
117 681 285 746 retinenda
313 677 472 758 religione
504 678 793 761 conservandisque
826 677 962 762 legibus.
1018 681 1139 744 Vident
1173 684 1274 746 adhuc
1309 697 1385 767 post

55 782 167 863 legem
193 773 416 838 tribuniciam
445 795 539 835 riniim
569 783 749 835 senatorem
779 772 828 835 vel
854 772 1067 837 tenuissimum
1093 795 1161 837 esse
1187 779 1386 853 damnatum

56 872 146 956 qood
165 866 293 932 tametsi
314 886 377 930 non
400 869 652 948 reprehendunt,
684 876 788 928 tamen
812 886 1006 950 magnopere
1029 871 1116 951 quod
1139 870 1283 943 laudent,
1319 891 1385 933 non

55 967 188 1030 babent.
231 961 330 1025 Nulla
352 970 400 1022 est
422 960 503 1023 euim
527 961 612 1035 laus,
644 959 688 1024 ibi
720 980 789 1023 csse
818 959 994 1042 integrum,
1026 963 1081 1026 ubi
1110 984 1203 1028 nemo
1232 975 1298 1041 est,
1330 963 1385 1048 qui

57 1069 113 1123 aot
132 1055 239 1142 possit
259 1066 312 1118 aut
333 1065 469 1119 conetur
489 1052 731 1135 corrumpere.”
775 1053 875 1116 Verr.
900 1056 978 1116 Act.
1001 1053 1031 1118 1.
1055 1077 1085 1118 c.
1111 1059 1150 1120 15
1173 1079 1243 1142 seq.

145 1151 224 1233 ηΜ.
242 1147 380 1214 Crassus
402 1159 433 1210 et
448 1151 509 1213 Gn.
524 1150 707 1231 Pompeius
730 1149 876 1209 consules
898 1146 974 1210 facti
997 1152 1038 1226 (a.
1065 1171 1097 1213 u.
1121 1173 1150 1217 c.
1175 1151 1259 1231 683.)
1282 1149 1384 1215 tribu·

58 1245 172 1310 niciam
194 1253 384 1327 potestatem
407 1241 646 1305 restituerunt.’'
691 1240 767 1305 Lis.
791 1241 882 1322 Epit.
905 1239 1055 1307 XCVII.
1079 1279 1118 1290 ·-
1154 1246 1311 1325 „Primus
1333 1244 1384 1310 Si·

58 1340 179 1418 cinius,
211 1337 359 1400 tribunus
387 1335 506 1416 plebis,
542 1356 601 1397 nec
624 1334 722 1396 multo
745 1346 819 1415 post
842 1335 1011 1414 Quintius,
1047 1348 1078 1399 ct
1106 1350 1272 1420 postremo
1296 1337 1385 1403 Pali·

58 1455 174 1507 mnus,
203 1429 425 1515 perfecerant,
449 1440 484 1491 ut
509 1428 707 1491 tribuniciam
729 1439 919 1510 potestatem
949 1432 1072 1512 populo
1102 1434 1211 1495 darent
1238 1432 1385 1496 consules

57 1533 121 1596 Gn.
144 1525 327 1608 Pompeius
350 1527 507 1607 Magnus
529 1533 560 1584 ct
581 1523 634 1586 M.
663 1522 807 1585 Licinius
830 1522 1003 1588 Crassus.''
1047 1526 1328 1590 Pseudo-Ascua.
1351 1525 1384 1588 in

56 1620 205 1688 Divinat.
226 1641 263 1702 p.
288 1618 361 1680 103.
391 1653 398 1660 -
449 1616 511 1697 „in
528 1615 646 1680 invidia
667 1628 741 1679 tunc
762 1619 946 1701 Pompeius
967 1619 1045 1694 fuit,
1070 1624 1158 1704 quod
1180 1620 1291 1683 consul
1314 1623 1387 1683 red·

57 1719 151 1781 deret
180 1713 307 1797 populo
336 1711 799 1792 tribuniciampotestatem.”
852 1713 1131 1777 Pseudo-Ascou.
1164 1735 1199 1796 p.
1235 1715 1309 1776 147.
1343 1743 1384 1756 -

59 1810 161 1892 „Hoc
181 1807 349 1870 consulatu
364 1806 549 1889 Pompeius
571 1805 771 1868 tribuniciam
794 1817 984 1888 potestatem
1008 1806 1164 1883 restituit,
1189 1807 1277 1870 cuius
1297 1806 1385 1870 Sulla

57 1901 227 1989 imaginem
256 1901 384 1964 sinere
410 1900 620 1983 reliquerat.''
664 1899 785 1963 Vellei.
817 1901 948 1964 Patere.
979 1901 1026 1964 ΙΙ.
1057 1900 1116 1976 30,
1147 1903 1179 1964 4.
1209 1937 1249 1949 -
1283 1899 1383 1966 Cous.

57 1996 194 2081 mod.
218 1996 281 2060 Iul.
304 1993 402 2060 Caes.
426 2015 456 2057 c.
480 1996 511 2060 6.

534 2116 693 2180 Pomm
716 2115 913 2198 iudiciqria.

143 2229 297 2314 „Ecquid
321 2231 427 2304 vides,
459 2227 571 2314 ecquid
592 2229 709 2304 scutis,
741 2230 812 2311 lege
835 2228 1021 2291 iudiciaria
1047 2228 1124 2305 lata,
1149 2252 1230 2314 quos
1252 2230 1387 2310 posthac

57 2324 180 2389 iudices
200 2322 297 2386 simus
321 2323 480 2386 babituri?
504 2326 577 2386 Nou
604 2344 703 2405 aeque
727 2323 853 2404 legetur
876 2321 1017 2405 quisquis
1041 2324 1197 2399 voluerit,
1221 2344 1280 2387 nec
1302 2323 1388 2402 quis·

57 2418 129 2502 quis
151 2417 291 2481 noluerit
319 2438 382 2480 non
405 2417 541 2500 legetur.
587 2416 673 2478 Nulli
698 2414 906 2477 coniicieutur
937 2415 967 2477 iu
994 2417 1080 2478 illum
1108 2418 1270 2491 ordinem,
1308 2415 1386 2478 nulli

56 2513 256 2577 eximeretur:
281 2532 343 2572 nou
361 2510 490 2574 ambitio
510 2512 548 2571 ad
570 2508 722 2593 gratiam,
749 2529 811 2570 non
833 2509 982 2592 iniquitas
999 2513 1037 2573 ad
1055 2509 1283 2575 simulationem
1308 2530 1387 2571 con·

57 2607 196 2671 iicictur.
242 2606 367 2669 ludices
386 2606 569 2667 imlicabunt
593 2602 630 2677 ii,
657 2624 739 2685 quos
755 2602 806 2664 lex
821 2601 909 2684 ipsa,
933 2624 996 2666 nou
1015 2624 1096 2687 quos
1112 2605 1273 2685 hominum
1288 2605 1387 2667 libido

56 2697 250 2787 delegerit.”
295 2699 324 2761 in
349 2699 461 2762 Pisoo.
485 2699 543 2771 39,
569 2699 622 2761 94.

143 2794 358 2876 „Pompeius
376 2792 407 2855 in
427 2794 593 2857 consulatu
612 2793 754 2854 secundo
778 2793 823 2868 (a.
842 2813 874 2853 u.
897 2791 986 2870 698.)
1010 2791 1248 2875 promulgavit,
1274 2811 1306 2856 ut
1324 2813 1388 2855 am.

57 2886 204 2971 plissimo
235 2908 275 2949 ex
306 2908 401 2948 ceusu
429 2908 469 2949 ex
497 2886 647 2949 centuriis
670 2885 761 2947 aliter
786 2907 877 2964 quam
901 2896 991 2946 autea
1018 2885 1089 2948 lecti
1113 2886 1249 2959 iudices,
1286 2909 1386 2972 aeque

58 2997 163 3044 tamen
186 3001 225 3041 ex
251 2979 311 3042 illis
338 2981 438 3041 tribus
459 2980 625 3043 ordinibus
649 2978 884 3057 (senatoribus,
909 2978 1067 3062 equitibus
1087 2990 1117 3041 et
1142 2981 1276 3042 tribunis
1298 3003 1387 3045 aera-

57 3078 146 3155 riis),
172 3097 224 3137 res
246 3073 456 3136 iudicarent.’'
502 3079 623 3138 Ascou.
647 3073 675 3134 iu
702 3073 810 3137 Pison.
835 3095 868 3154 p.
895 3074 946 3134 16.

143 3171 213 3241 „Ar
244 3190 326 3251 quae
360 3182 407 3231 est
439 3169 494 3230 ista
531 3170 621 3229 tertia
659 3166 812 3228 decimis?
845 3199 883 3209 -
920 3165 1167 3244 Centuriouum,
1202 3169 1314 3254 inquit.
1345 3207 1387 3220 -

57 3262 168 3345 Quid?
199 3261 250 3325 isti
281 3262 383 3325 ordini
410 3261 565 3324 imlicatus
589 3262 659 3342 lege
684 3261 782 3333 lulia,
815 3261 905 3322 etiam
940 3274 1010 3324 aute
1038 3264 1216 3344 Pompeia,
1253 3265 1382 3327 Aruelia

56 3381 119 3422 non
145 3356 298 3439 patebat?
321 3389 359 3399 —
386 3355 508 3421 Census
530 3355 796 3437 praefiniebatur,
822 3353 934 3434 inquit.
957 3391 995 3400 —
1022 3358 1095 3418 Non
1116 3359 1294 3420 centurioni
1316 3360 1384 3442 qui·

55 3455 126 3515 dem
150 3450 272 3526 solum,
296 3454 350 3514 scd
373 3449 470 3532 equiti
493 3446 793 3512 eriaru'ttonnno.''
840 3450 982 3530 Philipp.
1007 3451 1035 3513 1.
1060 3452 1096 3525 8,
1123 3453 1171 3516 20.

144 3545 327 3624 „Summam
352 3557 540 3625 potestatem
565 3544 748 3624 moderandi
774 3545 811 3604 de
836 3544 1061 3626 vectigalibus,
1087 3546 1282 3627 sumptibus,
1307 3545 1385 3607 iudi·

55 3639 113 3702 ciis
137 3640 217 3717 (Cn.
242 3640 441 3721 Poiupeius)
464 3637 665 3700 senatoribus
696 3637 803 3716 paucis
827 3638 967 3700 tradidit.
1013 3639 1133 3702 Iudicia
1158 3637 1283 3700 tairaetsi
1304 3639 1386 3700 sieut

56 3747 147 3796 antea
179 3733 280 3794 tribus
311 3732 474 3795 ordinibus
506 3731 619 3794 tradita
650 3742 737 3802 suut;
773 3744 875 3792 tamen
907 3732 997 3793 iidem
1029 3733 1071 3794 illi
1099 3733 1225 3796 factiosi
1254 3743 1382 3813 regunt,

54 3832 149 3900 dant,
176 3827 335 3901 adimunt,
360 3847 440 3909 quae
466 3827 589 3896 lubeut;
615 3826 796 3888 innocentes
820 3826 1087 3900 circuuivcniuut3
1122 3849 1197 3890 suos
1221 3829 1260 3889 ad
1284 3828 1385 3888 bono-

52 3916 120 3985 rcui
145 3919 340 3984 extollunt.”
385 3920 503 3981 Salust.
528 3923 566 3980 de
589 3940 659 4000 rep.
684 3921 757 3980 ord.
783 3919 828 3981 11.
851 3920 883 3981 3.
930 3918 1028 3983 Coul.
1055 3921 1101 3983 11.
1127 3924 1143 3982 7
1168 3932 1199 3982 et
1222 3921 1274 3982 12.

139 4016 196 4079 Ex
228 4015 275 4076 bis
310 4013 512 4095 intelligitur,
555 4015 719 4095 quomodo
750 4013 897 4093 capienda
928 4012 989 4075 sint
1024 4013 1189 4077 Plutarchi
1219 4015 1316 4074 verba
1352 4011 1382 4074 iu

54 4108 217 4191 Pompeio
240 4130 274 4190 p.
299 4108 373 4171 350.
398 4111 448 4170 cd.
473 4107 590 4168 Wecb.
617 4104 675 4184 τὰς
697 4110 789 4183 δίκας
811 4111 965 4192 περιεῖδεν
987 4095 1095 4183 αὖθις
1117 4105 1162 4182 εἰς
1179 4103 1253 4181 τοὺς
1268 4108 1384 4182 ἱππέας

53 4200 142 4292 νόμῳ
163 4205 451 4288 μεταφερομένας.
475 4221 587 4280 netripe
610 4199 671 4262 ita:
698 4204 771 4263 Nou
799 4203 893 4263 modo
917 4223 980 4262 non
1003 4204 1185 4261 adversatus
1213 4211 1261 4258 cst
1284 4220 1383 4281 roga-

54 4295 131 4360 tioni
164 4295 350 4369 Aureliae,
386 4317 447 4377 qua
478 4296 599 4377 equites
624 4293 655 4355 iu
686 4294 869 4357 societatem
900 4294 1089 4356 iudiciorum
1119 4303 1293 4364 vorantur;
1327 4296 1383 4354 scd

52 4392 164 4453 deinde
190 4390 282 4451 etism
306 4392 417 4452 eodem
441 4391 606 4451 consulatu
630 4389 847 4463 confirmavit,
872 4389 933 4450 lata
955 4392 1025 4470 lege
1051 4387 1080 4448 in
1105 4388 1235 4447 eandem
1259 4397 1383 4448 senten-

53 4485 144 4561 tiam,
171 4486 229 4546 sed
252 4481 374 4546 adiecto
398 4484 500 4565 eapite
524 4487 561 4545 de
584 4504 691 4545 ceusu.
728 4483 811 4544 Euu.

311 4615 470 4678 Puniceus
494 4615 534 4677 de
557 4614 704 4698 imperio
726 4613 869 4678 Caesari
887 4612 1127 4695 prorogando.

137 4717 301 4801 „Caesari
326 4720 414 4803 lege,
438 4738 530 4801 quam
554 4717 736 4800 Pompeius
758 4716 886 4794 (iterum
910 4715 1020 4776 consul
1043 4736 1073 4776 a.
1096 4736 1126 4781 u.
1149 4714 1239 4794 698.)
1261 4717 1300 4777 ad
1322 4737 1382 4797 po·

56 4816 159 4895 pulum
185 4810 276 4890 tulit,
298 4824 497 4897 prorogatae
522 4813 551 4875 iu
576 4813 655 4875 idem
679 4811 813 4892 spatium
840 4810 993 4890 temporis
1019 4809 1237 4897 provinciae.”
1262 4809 1380 4874 Vellei.
