3202 5318
547 343 699 409 INDEX
722 346 903 412 LEGUM.
935 370 938 375 ·
1323 349 1381 412 tte

58 499 149 568 patre
177 485 264 561 eins,
290 483 345 567 qui
367 481 397 545 in
420 503 512 545 eatrsa
534 483 673 547 Verrina
696 507 726 547 a.
750 507 783 547 ιι.
806 485 880 549 683.
903 485 1068 570 quaesitor
1089 485 1168 562 luit,
1193 500 1316 552 constat
1338 512 1380 552 ex

59 584 135 643 Act.
160 579 191 643 l.
215 578 247 640 in
271 579 370 640 Vere.
394 598 424 638 c.
450 579 501 639 17.
549 579 633 640 Lata
655 589 702 640 est
724 589 827 640 autem
851 599 879 642 a.
901 600 933 640 ιι.
957 600 987 640 e.
1011 579 1103 657 652„
1133 601 1197 662 quo
1223 603 1304 646 anno
1326 582 1382 645 illc

59 668 426 753 tribunusplebisluit.
469 672 528 733 Est
551 692 631 734 vero
655 674 707 733 lex
726 671 771 735 de
792 672 1007 755 repetundis,
1049 694 1109 754 qua
1137 673 1168 735 iu
1198 675 1257 736 hac
1286 696 1382 739 causa

60 767 183 829 sublata
198 777 246 828 est
262 763 556 845 comperendinatio
579 773 812 849 statutumque,
837 777 871 826 ut
893 786 952 826 urna
972 766 1142 850 eademque
1163 767 1286 829 actione
1305 788 1381 831 reus

60 858 109 921 rel
142 856 369 921 absolveretur
399 857 447 917 rel
480 859 755 919 condemnaretur.
799 856 916 923 Cicero
948 859 1047 920 Vere.
1080 862 1156 922 Aet.
1185 861 1232 925 ll.
1264 861 1322 922 lib.
1350 861 1381 923 l.

59 977 89 1014 c.
112 954 143 1018 9.
174 953 222 1013 sic
246 948 453 1014 Hortensium
477 949 591 1012 Verris
618 951 815 1014 defensorem
844 950 1032 1032 alloquitur:
1070 953 1136 1015 Hic
1160 964 1199 1015 ιιι
1214 950 1382 1042 fortasse
1445 975 1454 993 ·

58 1046 130 1108 eris
149 1044 315 1128 diligens,
339 1062 497 1126 nequam
513 1064 578 1126 ego
594 1045 717 1105 horam
735 1043 776 1104 de
792 1044 875 1105 meis
895 1044 1058 1126 legitimis
1076 1045 1171 1107 boris
1194 1046 1380 1110 remittam.

59 1138 142 1203 Nisi
166 1138 455 1219 omnitempore,
489 1136 582 1219 qraod
610 1136 693 1198 milri
719 1138 793 1218 lege
819 1158 1016 1199 concessum
1041 1149 1110 1212 est,
1146 1140 1276 1202 abusus
1300 1161 1380 1215 ero,

58 1253 221 1316 querere,-
250 1231 352 1294 desim
376 1241 477 1312 atque
500 1229 675 1293 hominnm
690 1229 806 1305 fidem
830 1229 1030 1311 implorabis
1038 1254 1050 1302 ,·
1081 1231 1320 1296 circumneniri
1340 1235 1380 1298 G.
1480 1296 1483 1301 ,
1556 1250 1560 1261 ’

62 1330 209 1388 Verrem
220 1368 230 1400 ,
243 1324 336 1408 quod
349 1333 532 1384 accusator
546 1323 631 1385 nolit
645 1323 796 1396 tamdiu,
814 1322 978 1406 quamdiu
994 1323 1109 1397 liccat,
1127 1325 1250 1387 dicere.
1280 1326 1384 1410 Quod

59 1417 147 1480 mihi
165 1419 224 1479 lex
249 1439 327 1479 anca
349 1436 455 1476 causa
479 1415 553 1490 det,
577 1437 617 1478 eo
642 1417 726 1477 milri
748 1436 816 1477 non
841 1415 893 1477 uti
916 1437 984 1478 non
1008 1417 1145 1481 licebit?
1167 1421 1262 1483 Nam
1281 1439 1381 1483 aceu-

57 1511 161 1573 sandi
183 1511 268 1574 mitri
291 1522 426 1591 tempus
449 1530 525 1570 mea
546 1530 652 1570 causa
676 1509 793 1570 datum
816 1520 883 1581 est,
908 1521 946 1572 ut
966 1531 1104 1591 possem
1129 1512 1286 1575 oratione
1307 1533 1382 1575 mea

46 1698 174 1787 jacio,
191 1698 309 1762 sedda
329 1718 402 1759 meo
419 1697 494 1758 iure
508 1695 639 1778 aliquid
655 1707 687 1757 et
702 1695 880 1757 commodo
897 1695 1052 1759 detraho.
1079 1697 1238 1769 „Causam
1257 1700 1337 1761 enim
1349 1694 1384 1775 ,’'

57 1791 185 1876 inquit:
208 1791 391 1874 „cognosci
414 1788 585 1870 oportct'’.
629 1792 684 1852 Ea
699 1812 735 1850 re
751 1788 903 1871 quidem,
928 1790 1019 1872 quod
1038 1791 1139 1852 aliter
1160 1792 1383 1857 condemnari
1479 1793 1483 1800 ’

57 1907 149 1961 reus,
173 1884 331 1969 quamuis
353 1884 397 1946 sit
419 1901 558 1958 nocens,
582 1902 651 1944 non
669 1894 796 1964 potest.
840 1882 883 1946 Id
900 1882 1011 1964 igitur
1034 1894 1072 1944 tu
1098 1886 1236 1947 moleste
1258 1883 1380 1961 tulisti,

57 2000 79 2040 a
94 2001 147 2042 me
161 1978 298 2062 aliquid
299 1974 448 2068 facttum
468 1997 559 2050 esse,
584 1997 651 2058 qno
673 1976 786 2037 minus
801 1976 865 2037 iste
883 1976 1103 2039 condemnari
1113 1988 1243 2059 posset.
1287 1979 1382 2042 Nam

58 2094 161 2137 rausa
183 2073 326 2156 cognita
349 2069 447 2132 meelti
465 2081 614 2152 possunt
635 2068 782 2142 absolui,
807 2069 983 2152 incognita
1003 2070 1138 2155 quidem
1161 2071 1381 2133 condemnari

59 2188 154 2230 nemo
174 2177 305 2249 potest.
351 2162 491 2237 „Adime
516 2162 594 2223 enim
622 2163 968 2243 eornpcrendinatum.’'
1011 2166 1114 2246 Quod
1137 2166 1235 2228 habet
1262 2164 1381 2226 lexin

58 2282 91 2322 sc
112 2258 416 2330 molestissimum,
440 2255 492 2318 bis
513 2267 552 2318 ιιι
575 2277 681 2318 carisa
707 2256 862 2332 dicatur,
887 2268 947 2317 aut
970 2278 1046 2318 mea
1066 2279 1172 2320 cansa
1195 2258 1311 2339 potius
1330 2268 1382 2319 est

59 2353 301 2425 constitutum,
332 2371 435 2434 priam
459 2361 537 2423 ιιια,
568 2362 628 2410 aut
650 2349 756 2412 nihilo
781 2361 843 2410 tua
864 2349 1000 2430 potius,
1031 2372 1135 2433 quarn
1156 2372 1242 2414 mea.
1287 2353 1382 2414 Nam

59 2447 87 2506 ai
100 2447 153 2509 bis
174 2445 289 2507 dicere
311 2455 362 2505 est
378 2443 610 2515 commodum,
635 2450 725 2504 certe
740 2442 920 2524 utriusque
935 2462 1112 2504 commune
1135 2456 1194 2507 est.
1238 2443 1276 2506 Si
1290 2464 1379 2514 erem,

58 2539 113 2623 qni
130 2539 311 2623 posterius
335 2537 443 2611 dixit,
474 2558 563 2618 opus
589 2549 639 2598 est
666 2535 851 2617 redargui,
884 2536 1094 2598 accusatoris
1116 2557 1239 2609 causa,
1271 2547 1310 2597 ιιι
1331 2536 1382 2599 bis

58 2644 242 2715 ageretur,
277 2630 501 2692 constitutum
528 2641 592 2691 est.
646 2632 791 2703 Verium,
824 2639 862 2690 ιιι
894 2628 1034 2709 opinor,
1072 2631 1218 2692 Glaucia
1245 2630 1382 2713 primus

59 2727 150 2800 uelit,
174 2737 215 2787 ιιι
237 2723 600 2807 comperendinaretur
622 2743 722 2792 rens,·
744 2733 845 2783 antea
866 2724 916 2783 ael
937 2720 1085 2785 indicari
1102 2723 1219 2804 primo
1243 2733 1382 2804 poterat

60 2821 107 2881 nel
124 2819 313 2901 amplius
339 2815 576 2898 pronuntiari.
621 2818 742 2877 Utrum
763 2814 873 2896 igitur
900 2828 1005 2896 putas
1033 2817 1141 2898 legem
1167 2817 1381 2880 molliorem?

61 2913 179 2993 opinor·
194 2912 290 2974 illam
305 2922 462 2983 veterem,
478 2911 605 2991 quanel
616 2912 683 2970 cito
693 2909 823 2970 absolui
839 2911 890 2969 vel
903 2909 1001 2969 tarde
1015 2911 1236 2972 condemnari
1247 2910 1379 2972 licebat.

62 3008 133 3087 Ego
150 3005 216 3068 tibi
239 3004 334 3065 illam
365 3002 495 3065 Aciliam
517 3005 626 3083 legem
654 3002 813 3075 restituo,
838 3023 906 3085 qna
929 3003 1003 3083 lege
1030 3005 1128 3065 mrelti
1155 3007 1258 3066 sernel
1281 3025 1380 3065 aecu-

61 3101 140 3173 sati,
167 3100 276 3161 semei
297 3097 390 3158 dieta
418 3116 540 3166 caiisa,
574 3097 678 3156 semel
701 3094 830 3156 auditis
852 3096 1010 3166 testibus,
1048 3096 1262 3159 condemnati
1286 3108 1378 3171 sient,

61 3212 273 3274 nequicquam
305 3202 376 3251 tam
409 3189 502 3250 mani
525 3188 607 3250 estis
639 3208 745 3270 neqree
774 3189 881 3250 tantis
915 3189 1131 3265 criminibus,
1165 3190 1302 3274 quomis
1341 3201 1381 3250 ιιι

61 3284 280 3346 convinceris
324 3287 470 3346 Putate
493 3303 559 3344 non
582 3284 644 3342 lrae
667 3294 737 3343 tam
760 3282 886 3354 atroci,
920 3283 980 3343 sed
1005 3284 1065 3344 illa
1089 3288 1164 3366 lege
1197 3283 1379 3346 mitissima

61 3399 196 3439 cainam
225 3377 350 3438 dicere.
395 3377 588 3438 Accusabo:
622 3377 856 3455 respondebis:
879 3376 1021 3438 testilnes
1043 3379 1144 3440 editis
1167 3379 1218 3439 ita
1244 3377 1380 3438 mittam

61 3473 91 3528 in
110 3472 314 3542 eonsilium,
340 3483 394 3545 ιιι,
420 3470 556 3531 etiamsi
581 3472 640 3530 leae
666 3469 855 3549 ampliandi
873 3466 998 3556 faciat
1020 3481 1241 3550 potestatem,
1265 3481 1378 3530 tomen

62 3565 113 3626 isti
142 3578 244 3647 turpe
277 3566 342 3627 sibi
371 3564 587 3636 existiterunt,
623 3584 688 3624 non
717 3565 832 3643 primo
858 3562 1022 3624 iudicare.
1070 3565 1144 3626 Hoc
1167 3565 1239 3626 loco
1271 3565 1378 3624 Hoto-

63 3678 164 3719 manus
190 3659 291 3723 Obss.
317 3659 344 3720 l.
376 3661 426 3718 tt.
463 3678 523 3737 pro
553 3655 657 3716 verbis
687 3656 780 3717 illam
807 3655 953 3719 Aciliam
982 3657 1103 3739 corrigi
1130 3658 1258 3718 iubebat
1285 3656 1380 3716 illam

10 3740 16 3751 ’
63 3751 251 3835 antiquam,
278 3752 329 3813 rel
351 3751 447 3812 illam
465 3750 665 3823 Caeciliam,
691 3771 752 3832 qua
774 3752 810 3810 de
833 3748 981 3829 opinione
1001 3749 1047 3811 sic
1067 3751 1182 3811 iudicat
1203 3749 1379 3812 Graevius:

66 3843 253 3919 ,Rationem
284 3844 399 3927 quibus
422 3843 613 3923 scriptorum
641 3854 672 3905 et
699 3843 855 3904 editorum
881 3842 1048 3904 lectionem
1077 3842 1239 3923 impugnat
1270 3840 1379 3902 Hoto-

65 3957 164 3999 manus
181 3937 213 3999 in
232 3936 529 4010 observationibus,
553 3947 619 3998 tres
641 3947 723 3998 sunt.
767 3934 896 4009 Prima,
922 3935 993 4018 quia
1013 3937 1064 3997 lex
1085 3937 1199 3999 Acilio
1216 3930 1379 4015 posterior

66 4030 97 4089 sit
117 4031 256 4094 Servilia
279 4042 309 4092 et
339 4029 411 4092 ideo
438 4027 597 4103 atrocior,
630 4041 663 4090 ut
689 4029 828 4092 ostendit
856 4050 894 4089 ex
925 4028 996 4091 Cic.
1020 4030 1078 4091 lib.
1103 4030 1148 4095 ll.
1177 4031 1215 4089 de
1243 4023 1378 4096 officiis3

66 4122 129 4184 tine
152 4145 213 4186 aec
246 4123 422 4187 molliorem
457 4144 523 4185 eam
555 4121 613 4184 diei
642 4143 737 4203 posse
770 4144 827 4183 nee
856 4133 1011 4196 veterem,
1049 4144 1117 4182 cnm
1143 4120 1183 4182 sit
1205 4117 1377 4181 recentior.

69 4217 188 4292 ultera,
223 4216 297 4300 quia
320 4219 408 4278 tarda
435 4216 656 4279 condemnatio
681 4215 743 4298 legi
766 4216 897 4278 Aciliae
919 4235 982 4276 non
1010 4215 1195 4287 conveniat,
1231 4231 1322 4294 quam
1350 4210 1379 4271 ci

56 4311 175 4389 ,tribuat
197 4310 336 4384 Cicero,
361 4331 431 4371 rum
454 4311 506 4371 illa
532 4308 747 4391 ampliationes
770 4319 800 4370 et
829 4308 1177 4389 comperendinationes
1202 4301 1378 4376 sustulerit,

72 4405 138 4465 tunde
163 4404 297 4466 tarditas
325 4404 488 4465 damnandi
518 4403 654 4467 oriatur.
701 4401 823 4474 Tertia,
860 4404 946 4482 quod
977 4422 1039 4464 non
1068 4399 1169 4481 possit
1197 4394 1379 4458 mollissima

73 4495 120 4558 liei
140 4498 274 4574 Acilia,
299 4516 369 4559 ctam
396 4496 539 4560 Asconio
564 4496 685 4558 dicatur
708 4493 918 4556 severissima.
965 4496 1027 4557 Sed
1051 4515 1067 4555 a
1094 4511 1195 4572 scopo
1219 4488 1379 4553 aberravit

76 4588 113 4646 ιἰι
131 4590 343 4654 doctissimus.
388 4591 512 4652 Verum
539 4600 587 4651 est
612 4590 714 4671 legem
739 4587 885 4650 Aciliam
908 4607 975 4648 csse
998 4585 1209 4668 posteriorem
1235 4583 1378 4657 Servilia,

78 4692 99 4737 tt
116 4684 182 4746 ideo
205 4704 335 4768 quoquc
362 4683 559 4747 severiorem
582 4683 634 4745 illa
658 4702 744 4756 esse,
780 4679 922 4740 nimirum
945 4679 975 4740 in
1004 4679 1115 4760 poenis
1142 4678 1377 4761 exasperandis,

82 4773 136 4836 lieet
158 4778 320 4842 sustulerit
345 4775 710 4861 comperendinationem
740 4784 770 4836 et
797 4772 1042 4855 atripliationem.
1088 4772 1141 4838 Sic
1158 4772 1376 4844 lex-Servilia,
