3202 5318
562 335 714 404 INDEX
733 338 917 408 LEGUM.
1244 279 1248 292 ·
1344 341 1408 409 969
1535 287 1543 297 ³

79 475 132 562 qui
155 487 205 541 est
225 475 364 541 decimus
388 499 487 542 annus
510 500 526 542 a
551 481 698 544 Seruilia
719 480 904 564 Caepionis.
949 481 1023 545 Huc
1041 481 1179 568 pertinet
1202 481 1296 560 iliud,
1320 484 1409 568 quod
1465 539 1501 568 ,

78 569 112 635 in
129 570 277 656 reliquiis
294 570 450 636 orationis
465 594 527 655 pro
543 575 667 637 Scauro
688 577 785 658 [apud
800 574 977 640 Asconium
992 598 1027 659 p.
1045 577 1111 659 tt]
1128 590 1407 655 commemoratur,

80 684 208 730 causam
231 662 403 748 Caepionis
435 667 565 748 [immoz
598 670 650 749 M.
675 669 789 733 Scauri
811 670 895 751 aQ.
919 670 1059 735 Servilio
1083 670 1260 753 Caepione]
1290 674 1410 737 eSer·

77 758 163 823 viiia
183 760 258 844 lege
273 760 411 823 accusati
427 763 465 824 de
481 763 663 844 repetundis
678 764 718 826 ad
735 762 857 846 equites
873 775 973 827 actam
991 777 1022 828 et
1036 765 1203 829 iudicatam
1220 785 1300 829 csse.
1322 765 1408 828 Euu.

161 854 256 918 Haec
276 852 349 932 lex,
374 874 466 938 quam
489 856 529 920 L.
553 855 673 920 Crasso
696 860 911 951 stradentepQ.
935 859 1100 924 Servilius
1122 856 1250 940 Caepio
1271 879 1342 921 cum
1367 856 1408 923 C.

72 946 180 1014 Atilio
202 947 343 1013 Serrano
367 949 478 1014 consul
501 952 605 1030 (618.)
627 973 666 1014 eo
690 974 773 1014 anno
792 953 884 1028 tulit,
909 974 974 1038 quo
996 951 1114 1017 Cicero
1129 964 1219 1015 natus
1239 962 1303 1027 est,
1327 949 1409 1015 iudi·

72 1041 140 1119 cia,
176 1063 274 1126 quae
267 1046 443 1128 equestria
468 1043 588 1107 fecerat
618 1045 670 1107 lex
694 1045 905 1128 Sempronia,
944 1068 1007 1110 non
1032 1045 1232 1110 senatoribus
1259 1057 1292 1109 et
1318 1045 1410 1131 equi·

71 1087 159 1199 tibris
187 1136 325 1201 reddidit
354 1137 550 1213 communia,
585 1151 620 1201 ut
648 1141 816 1203 Ernestius
846 1141 932 1218 (lud.
956 1141 1059 1225 Leg.)
1089 1151 1120 1203 et
1143 1136 1281 1204 Bachius
1304 1138 1408 1219 (Hist.

72 1230 143 1296 lur.
164 1252 200 1315 p.
224 1230 311 1310 168.)
333 1233 416 1294 battd
438 1231 507 1295 scio
532 1253 569 1294 an
595 1234 635 1296 ab
660 1233 744 1298 lulio
769 1233 978 1318 Obsequente
1000 1238 1044 1312 (c.
1062 1234 1152 1314 101.)
1174 1231 1279 1298 edocti
1301 1232 1410 1296 dicum

72 1358 117 1372 -
138 1323 264 1388 namin
284 1324 323 1388 its
346 1347 427 1408 quac
450 1327 586 1390 afferunt
609 1325 777 1393 Ciceronis
801 1327 985 1392 testimoniis
1010 1348 1072 1392 non
1095 1326 1160 1391 nisi
1186 1329 1225 1391 dc
1248 1325 1409 1412 equitibus

75 1416 186 1503 agitur
205 1394 266 1497 ²-,
300 1420 356 1483 sed
378 1421 465 1504 quod
488 1421 621 1484 Tacitus
649 1423 752 1500 (Anu.
779 1423 866 1488 xtl.
893 1423 962 1502 60.)
990 1422 1085 1505 plane
1114 1421 1211 1485 tradit
1232 1431 1264 1484 et
1287 1417 1408 1485 Cicero

75 1510 186 1576 multis
212 1510 293 1577 iocis
319 1513 505 1590 confirmat,
539 1514 617 1579 sniis
645 1515 846 1580 senatoribus
869 1516 1017 1580 restituit.
1061 1514 1132 1596 (Cf.
1156 1514 1251 1579 Brut.
1275 1515 1329 1591 18.
1353 1515 1408 1579 dd.

77 1605 135 1670 86.
157 1606 211 1670 87.
239 1608 279 1671 dc
308 1606 402 1672 Orat.
433 1608 462 1671 Ι.
492 1609 545 1672 st.
576 1610 693 1675 Parad.
721 1611 767 1676 V.
796 1611 828 1674 3.
860 1612 899 1675 de
928 1611 1059 1675 Invent.
1090 1610 1120 1674 1.
1150 1609 1219 1689 19.)
1262 1609 1410 1674 Fuerunt

76 1699 172 1764 etiarn
195 1699 249 1785 qui
277 1701 430 1765 historiae
452 1701 535 1766 iliius
559 1702 715 1787 temporis
740 1705 834 1788 plane
862 1704 968 1790 ignari
990 1704 1187 1779 dubitarent,
1221 1724 1262 1766 an
1285 1703 1409 1787 perlata

73 1793 175 1858 suerit
196 1795 312 1875 (Bach.
336 1796 358 1860 Ι.
380 1799 441 1876 c.);
465 1809 496 1860 at
518 1797 674 1863 eiusmodi
697 1797 924 1864 dubitationem
946 1800 1063 1864 tollunt
1082 1820 1150 1864 uon
1168 1808 1288 1862 tantum
1304 1798 1409 1871 omnia

71 1888 129 1952 itta
151 1909 235 1975 quae
256 1889 347 1953 attuli
371 1890 460 1968 ioca,
485 1894 540 1954 sed
565 1892 660 1956 etiam
682 1895 834 1977 quaedam
863 1893 1051 1977 inscriptio,
1075 1914 1168 1979 quam
1193 1892 1316 1978 qualem
1339 1911 1408 1955 eatn

75 1984 237 2049 Gruterus
260 2006 277 2048 e
305 1983 472 2061 Manutio,
509 1987 667 2052 Panvinio
691 1998 723 2050 et
746 1990 827 2053 Ant.
851 1989 1036 2075 Augustino
1058 1987 1090 2050 in
1113 1989 1215 2051 Thes.
1238 1986 1343 2051 Inscr.
1371 2007 1406 2068 p.

73 2075 375 2146 ccccnxvltt.
392 2082 422 2143 5.
438 2080 577 2164 recepit,
595 2081 732 2145 subieci:
758 2083 828 2166 [sed
846 2092 894 2145 cst
909 2080 1102 2166 Liguriaua,
1122 2078 1302 2146 subditieia.
1327 2077 1407 2161 Oa.]

532 2174 574 2254 Q.
599 2175 785 2240 SERVIL.
810 2173 885 2241 CN.
910 2176 952 2240 F.

373 2267 614 2335 CAEPIONI.
638 2267 739 2335 COS.
764 2268 926 2352 [GENS]
951 2269 1111 2335 TRIVM

580 2365 657 2428 PH.
689 2365 900 2429 PATRIAE

592 2459 686 2522 LIB.
711 2455 889 2523 DECVR.

619 2552 861 2618 VERONEN.

450 2649 510 2714 OB
533 2645 722 2712 IVDICIA
746 2648 1034 2714 RESTITVTA.
1204 2695 1207 2700 -

78 2738 136 2808 cf.
159 2742 282 2807 Thon.
305 2739 446 2806 Reiuesii
469 2764 521 2824 ep.
544 2745 584 2804 ad
606 2739 707 2823 Casp.
729 2743 958 2808 Hoffmannum
981 2757 1012 2808 et
1035 2743 1117 2810 Chr.
1140 2744 1207 2809 Ad.
1225 2746 1406 2829 Rupertum

76 2836 172 2920 Lips.
198 2836 291 2902 1660.
312 2859 345 2920 p.
372 2836 444 2900 ttt.
490 2839 535 2899 At
567 2838 646 2899 baec
670 2834 730 2899 nisi
758 2835 882 2918 perlata
904 2837 1036 2916 fuisset,
1071 2839 1142 2923 quis
1164 2838 1300 2905 Valerio
1329 2839 1406 2904 Ma·

75 2931 164 2994 ximo
195 2931 273 3011 (Vl.
296 2933 331 3006 9,
359 2931 425 3011 13.)
452 2934 613 3006 crederet,
650 2930 844 3014 Caepionem
870 2945 1039 3015 patronum
1061 2946 1188 2998 senatus
1212 2932 1404 3017 appeliatum

72 3024 198 3091 fuisse?
221 3024 373 3090 Ceterum
397 3028 476 3089 idem
502 3008 622 3127 hicoest
642 3024 782 3109 Caepio,
804 3027 893 3090 cuius
912 3028 1043 3092 avaritia
1067 3042 1096 3092 et
1121 3028 1279 3093 calamitas
1300 3027 1406 3090 locum

71 3120 169 3184 tecit
164 3121 429 3205 proverbioz,
430 3129 584 3202 ,Aurum
611 3121 711 3184 habet
741 3122 992 3187 Tolosanumss
1047 3123 1117 3202 (Cf.
1149 3125 1234 3190 Geli.
1263 3123 1330 3189 111.
1358 3122 1406 3201 9.)

72 3213 198 3280 Crasso
227 3215 306 3277 euim
337 3227 368 3277 et
397 3215 549 3279 Scaevoia
580 3236 665 3279 coss.
694 3217 794 3296 (658.)
826 3239 842 3279 a
868 3216 909 3283 C.
934 3217 1028 3282 lunio
1052 3220 1210 3284 Norbano
1238 3227 1405 3280 accusatus

72 3308 105 3372 in
130 3308 257 3371 exilium
281 3310 373 3383 abiit,
398 3308 493 3393 inque
516 3330 555 3371 eo
579 3310 693 3371 misere
715 3310 810 3392 periit
833 3313 966 3390 (Strabo
990 3312 1055 3377 IV.
1072 3334 1106 3395 p.
1125 3313 1199 3376 188.
1216 3313 1294 3376 vat.
1311 3311 1406 3375 Max.

74 3402 209 3479 lv.,t,
246 3404 277 3467 3.
319 3405 392 3466 Liv.
418 3406 481 3483 Ep.
507 3403 692 3483 va11.),
725 3404 794 3476 vel,
831 3409 918 3489 quod
948 3406 1000 3469 atii
1028 3409 1173 3483 tradunt,
1208 3406 1239 3469 in
1270 3402 1405 3467 vinculis

75 3494 214 3579 publicis
234 3497 376 3580 spiritum
401 3497 557 3570 reddidit,
582 3517 764 3580 corpusque
786 3499 853 3562 eius
878 3500 1047 3563 laceratum
1071 3500 1101 3564 in
1123 3501 1215 3564 scalis
1239 3497 1404 3564 Gemoniis

76 3589 185 3653 iacens
207 3605 412 3674 conspectum
436 3603 496 3654 est.
542 3590 612 3670 (Cf.
636 3593 779 3657 iuvat.
804 3595 898 3657 Max.
922 3596 987 3659 VI.
1005 3595 1050 3671 Ι9,
1076 3596 1142 3674 13.)
1187 3595 1343 3660 Knnuze.

425 3754 585 3816 Seuerum
608 3752 649 3815 de
671 3753 825 3836 pecuniis
848 3754 1058 3837 repetundis.

163 3874 276 3950 ,Reus
303 3875 475 3938 estractus
500 3877 567 3954 (Μ.
592 3875 744 3953 Scaurus)
767 3897 783 3938 a
808 3875 850 3955 Q.
877 3876 1017 3940 Servilio
1042 3873 1208 3958 Caepione
1232 3858 1302 3957 leg‘e
1325 3877 1403 3939 Ser·

75 3969 177 4046 viiia,
203 3992 272 4033 cum
299 3969 409 4032 iudicia
435 3993 532 4052 penes
554 3983 731 4055 equestrem
752 3972 893 4035 ordinem
917 3989 1038 4043 essent,
1064 3982 1094 4033 et
1113 3971 1155 4033 P.
1176 3969 1297 4033 Ruuttn
1319 3970 1406 4029 dam-

73 4078 151 4131 nato
167 4087 262 4131 nemo
279 4077 340 4128 tam
360 4066 512 4129 innocens
530 4067 710 4143 videretur,
735 4078 768 4130 ut
786 4089 850 4130 nou
870 4070 993 4129 timeret
1010 4063 1094 4129 iila.''
1119 4085 1180 4146 pro
1197 4065 1310 4127 Scaur.
1328 4060 1358 4125 l.
1368 4058 1400 4129 1.

163 4160 232 4240 ,Q.
257 4160 411 4224 Servilius
436 4160 562 4242 Caepio
586 4163 738 4225 Scaurum
762 4163 805 4226 ob
828 4159 998 4246 legationis
1021 4157 1181 4223 Asiaticae
1204 4154 1352 4219 invidiam
1370 4165 1403 4219 et

72 4258 229 4319 adsersus
258 4256 348 4340 leges
378 4256 581 4337 pecuniarum
616 4270 778 4339 captarum
812 4277 899 4319 reum
931 4254 1008 4318 fecit
1042 4253 1288 4335 repetundarum
1315 4250 1400 4335 iege,

69 4372 167 4434 quam
192 4350 260 4412 tulit
283 4351 448 4414 Servilius
471 4352 650 4414 Glaucia.”
695 4353 820 4415 Ascon.
844 4348 874 4411 iu
898 4350 1010 4412 Scaur.
1035 4369 1068 4429 p.
1094 4347 1146 4409 21.

157 4445 251 4507 lubet
268 4443 320 4506 iex
337 4444 416 4505 lulia
436 4444 585 4529 persequi
602 4448 640 4508 ab
658 4443 711 4520 iis,
737 4447 774 4506 ad
791 4464 872 4527 quos
887 4463 922 4504 ea
939 4442 1092 4522 pecunia,
1115 4438 1252 4521 quomis
1266 4436 1398 4522 ceperit,

70 4538 125 4620 qui
148 4540 312 4600 damnatus
335 4538 390 4613 sit,
424 4539 620 4621 pervenerit.
666 4538 699 4601 Si
722 4548 769 4600 est
792 4539 854 4599 boe
880 4557 997 4597 norum
1022 4536 1053 4597 iu
1077 4535 1149 4619 iege
1176 4531 1277 4610 Iulia,
1307 4531 1400 4595 sicuti

72 4633 170 4696 metita
194 4644 266 4696 suut
288 4635 430 4696 seuerius
453 4635 571 4716 scripta
597 4654 690 4718 quam
713 4632 746 4694 iu
771 4630 905 4712 antiquis
930 4631 1053 4713 iegibus
1075 4640 1105 4691 et
1130 4626 1286 4703 sanctius,
1311 4626 1402 4691 indu·
1482 4714 1490 4726 ·

42 4734 167 4789 'catur
188 4747 263 4790 sane
291 4727 383 4789 etiam
405 4730 603 4791 consuetudo
626 4727 717 4791 huius
747 4723 874 4810 generis
901 4723 1087 4787 iudiciorum
1117 4741 1217 4788 nova.
1259 4721 1314 4786 Sin
1338 4721 1401 4786 boc

74 4820 207 4885 totidem
231 4819 338 4885 verbis
366 4822 550 4887 translatum
572 4832 667 4907 capnt
687 4832 751 4898 est,
776 4817 941 4905 quotiuit
963 4839 1027 4883 non
1054 4814 1202 4884 modain
1233 4813 1396 4893 Cornelia,
