3202 5318
558 332 623 399 An
645 328 905 400 ASCONIUM.
1327 338 1389 407 ³29

52 481 78 577 ὀ
152 479 193 543 Ρ.
219 448 320 538 13.’1.
344 474 396 538 33.
420 473 567 559 legimur
600 474 652 537 ita
680 471 853 565 perfecte]
888 474 1035 563 iegimm
1064 476 1224 570 perfecte
1258 482 1392 564 (omisso
1439 442 1443 452 ι

63 562 134 644 aa)
150 564 269 712 Ρῗι113.
292 644 316 709 l.
340 648 373 708 1.
393 643 431 707 in
451 642 681 728 expositione]
703 644 739 706 in
761 664 804 707 ea
824 644 1039 728 expositione
1060 647 1176 714 Ambr.

150 733 193 797 P.
218 730 271 794 13.
292 729 317 791 l.
341 730 374 792 5.
397 728 562 814 qnotidie]
583 728 707 792 cotidie
729 729 847 794 Ambr.
1473 798 1476 803 ,

67 902 77 917 ·
148 818 192 883 Ρ.
216 816 272 879 13.
295 815 317 878 l.
342 814 374 876 8.
398 815 439 876 de
453 812 576 898 quibat
591 812 628 876 in
648 812 871 897 argumento]
892 814 935 877 de
948 815 1073 900 quibat
1091 821 1390 902 argumento(om.

62 901 118 984 m)
140 901 270 1051 Pmliiss.
292 984 317 1047 l.
343 984 395 1045 10.
418 934 486 1067 qno
507 978 544 1065 p.
565 985 616 1049 Cl·
638 1005 670 1046 e.
692 1005 723 1045 c.
746 982 886 1048 incensa
907 986 970 1067 est]
991 986 1086 1070 quod
1100 1008 1139 1071 p.
1162 989 1214 1054 Cl.
1233 1012 1265 1051 c.
1287 990 1393 1054 ain·

48 1074 168 1135 'cenea
188 1081 278 1134 ercet
300 1070 415 1132 Ambr.

149 1159 192 1221 P.
216 1156 269 1218 13.
294 1154 317 1217 1.
341 1154 394 1216 33.
405 1150 797 1302 ῙαοτὶοηεΨαοεὶοηίε
819 1154 934 1219 Amin.
1288 1172 1293 1179 ·
1359 1212 1361 1217 2

149 1244 191 1307 Ρ.
215 1240 269 1303 13.
294 1240 317 1302 l.
342 1239 394 1300 31.
406 1236 571 1329 faceret,
619 1241 748 1321 omnm]
760 1236 908 1330 faceret
929 1251 963 1303 et
984 1239 1125 1305 domum
1146 1241 1264 1307 Ambr.
1305 1290 1310 1306 .

237 1326 270 1388 3.
294 1325 316 1385 1.
341 1323 393 1386 35.
417 1324 621 1389 obsederunt
657 1324 856 1388 obsiderunt
877 1327 996 1388 Ambr.

237 1409 268 1472 3.
293 1409 315 1470 l.
340 1408 392 1470 37.
416 1409 577 1493 itemque]
601 1422 743 1494 uterque
766 1409 883 1473 Amin.

237 1496 268 1557 4.
293 1495 316 1555 1.
340 1492 373 1557 9.
396 1493 644 1576 enarrandum]
666 1493 883 1559 narrandam
905 1496 1022 1559 Ambr.

239 1584 269 1641 4.
293 1580 317 1641 1.
343 1578 395 1639 10.
418 1579 450 1641 ri
480 1600 549 1643 non
580 1599 697 1642 omnes
727 1601 834 1664 aeque
860 1580 1071 1663 probantur]
1102 1579 1136 1645 ri
1165 1600 1284 1646 omnee
1384 1627 1392 1646 .

194 1663 389 1811 11111113.
411 1714 1393 1833 postulaturutdinidatur]postulatntdividanturAmbr.
1495 1754 1519 1829 .'

216 1327 235 1386 1

216 1411 234 1471 1

215 1495 234 1556 1

216 1582 235 1641 1

56 1686 128 1749 13Γο

150 1327 190 1389 P.

149 1412 191 1476 P.

149 1497 191 1560 P.

149 1580 190 1644 Ρ.

129 1664 193 1729 bon

147 1750 187 1815 P.

148 1834 190 1897 P.
215 1835 268 1895 44.
291 1833 317 1897 1.
332 1822 394 1897 44.
416 1830 615 1925 referatur]
639 1831 847 1924 referantur
867 1836 984 1899 Anbr.

146 1920 187 1983 P.
212 1920 265 1980 44.
288 1917 313 1980 l.
336 1914 391 1981 13.
415 1918 570 1999 meditor]
592 1918 735 1982 adiutor
757 1921 870 1983 Ambr.
895 1921 1006 2004 L'iigd.
1040 1955 1080 1968 —
1113 1920 1297 2005 Utrumque
1323 1919 1391 1985 sinc

59 2003 160 2068 dubio
187 2012 388 2083 corruptum.
430 2002 640 2088 Legendum:
665 2003 758 2088 qnod
777 2000 943 2093 nonfuit
963 2004 1154 2070 adiectum..
1189 2004 1245 2069 Sic
1266 2006 1390 2072 Areon.

59 2092 100 2152 ad
125 2110 175 2154 or.
196 2109 260 2171 pro
284 2085 438 2152 Cornelio
454 2108 490 2171 p.
515 2094 565 2153 77.
588 2088 610 2151 Ι.
632 2089 664 2154 3.
684 2088 826 2153 nomina
845 2091 921 2152 sola
942 2109 1011 2153 non
1032 2089 1163 2154 adiicit.
1197 2088 1287 2155 Bao.

148 2176 190 2238 P.
216 2175 269 2236 44.
292 2172 315 2234 Ι.
342 2173 396 2234 13.
419 2172 502 2238 Non
524 2173 614 2235 enim
635 2172 669 2237 ei
689 2174 763 2258 qni]
784 2192 853 2236 non
875 2195 961 2236 eme.
983 2174 1044 2259 qui
1066 2175 1179 2241 Ambr.

147 2260 188 2322 Ρ.
214 2259 232 2320 1
258 2301 266 2320 .
291 2258 314 2320 Ι.
340 2257 391 2319 13.
415 2260 706 2341 eonsiogendnm]
728 2259 973 2323 concidendum
996 2260 1112 2322 Ambr.

148 2344 192 2408 P.
218 2343 270 2404 44.
295 2343 316 2405 l.
343 2344 396 2406 11.
420 2342 561 2424 Divide]
582 2343 726 2426 deniqne
749 2341 865 2407 Ainbr.

87 2486 94 2499 ‚
149 2429 191 2492 P.
216 2428 269 2489 44.
294 2428 316 2489 l.
343 2430 394 2490 17.
419 2431 455 2491 S.
480 2428 535 2509 0.]
557 2427 607 2490 cic
628 2428 745 2493 Ambr.

148 2514 191 2577 P.
216 2512 317 2574 111.
343 2513 394 2575 19.
406 2510 568 2601 factam]
581 2508 729 2601 factam
752 2512 869 2575 Ambr.

147 2598 190 2662 Ρ.
215 2597 267 2659 15.
291 2597 315 2658 l.
339 2601 371 2660 1.
395 2604 492 2682 (tuae
517 2616 581 2662 om.
605 2598 722 2661 Amin.
739 2598 848 2680 Lugd.
873 2628 913 2641 —
936 2595 1020 2660 Mihi
1043 2596 1090 2659 sic
1111 2598 1248 2681 legenda
1266 2596 1393 2662 videtur

59 2681 219 2769 particula
242 2681 396 2745 orationis
418 2681 644 2746 Munatianae:
668 2685 783 2765 (taum
804 2686 848 2767 Q.
871 2680 1080 2746 Hortensiae
1103 2684 1268 2747 dixiceetr
1285 2686 1393 2747 'extra

60 2770 221 2836 ordinem
242 2780 484 2850 quaerentum
518 2768 613 2849 apnd
633 2779 850 2852 quaestorem
868 2767 1053 2830 aestimare
1063 2764 1261 2857 futurum,
1283 2779 1324 2833 ut
1350 2800 1393 2814 -

61 2857 262 2921 devoraret:
298 2853 462 2915 adversus
482 2852 653 2915 hominem
675 2853 893 2933 ingeniosam
919 2872 987 2914 non
1010 2853 1150 2937 ingenio
1176 2853 1232 2917 nei
1255 2875 1391 2926 snmus,-

61 2940 255 3005 innenimnc
278 2938 417 3015 Fufium
438 2938 497 3021 qni
520 2938 663 2999 diceret:
687 2937 810 3000 Divide
832 2949 895 3000 eet.
941 2938 1028 3003 Rea.

143 3025 185 3087 P.
213 3022 266 3084 45.
291 3023 313 3083 Ι.
339 3024 370 3083 3.
394 3034 431 3084 nt
460 3044 537 3084 cum
555 3023 722 3106 parilium
743 3022 882 3103 edisset]
912 3033 1029 3084 ntrnm
1050 3023 1222 3105 pupiilnm
1242 3023 1391 3089 dedisset

61 3109 182 3172 Ambr.

149 3194 190 3257 P.
216 3192 269 3254 15.
295 3191 317 3252 l.
343 3193 374 3253 3.
398 3190 609 3273 acerbitatis]
633 3190 799 3254 acerbitas
823 3191 940 3254 Ambr.

149 3279 190 3341 P.
216 3278 267 3342 15.
293 3276 315 3339 Ι.
340 3279 372 3339 1.
397 3277 549 3358 ingenio]
572 3297 639 3337 non
663 3277 803 3359 ingenio
824 3278 940 3339 Ambr.
965 3276 1073 3360 Lngd.

151 3363 193 3425 P.
218 3363 270 3424 45.
295 3362 316 3422 l.
343 3363 373 3422 1.
396 3362 452 3422 nsi
473 3362 608 3440 snmus]
633 3360 685 3423 Sic
708 3361 824 3423 Ambr.
849 3363 959 3444 Lugd.

152 3446 193 3509 P.
217 3448 268 3509 45.
293 3446 317 3507 l.
342 3447 374 3508 5.
398 3447 541 3517 Divide,·
574 3446 724 3529 reliquae
743 3446 839 3529 parti
859 3446 1061 3529 sententiae]
1092 3446 1275 3510 divideret:
1311 3449 1391 3511 reii-

63 3551 154 3615 qnae
175 3531 287 3612 partic
308 3532 509 3592 sententiam
532 3531 647 3593 Ambr.
671 3531 780 3614 Lugd.

151 3616 192 3678 P.
219 3618 271 3678 45.
296 3615 319 3675 1.
345 3618 396 3677 11.
421 3621 462 3678 L.
489 3615 649 3694 Domitii]
672 3618 732 3679 Cn.
757 3615 904 3678 Domitii
925 3616 1043 3679 Ambr.
1067 3617 1178 3699 Lugd.

150 3700 192 3762 P.
217 3701 270 3762 15.
295 3700 317 3760 l.
342 3700 373 3761 3.
397 3699 566 3781 tribubus]
589 3700 699 3761 tribuo
721 3698 838 3760 Ambr.

150 3786 193 3848 P.
217 3784 316 3846 toul.
342 3787 373 3846 5
397 3785 558 3849 infimam
581 3782 791 3870 effenderat]
815 3783 995 3860 infirmam
1016 3785 1213 3847 ostenderat
1237 3785 1353 3848 Ambr.

150 3870 192 3932 P.
217 3871 270 3930 15.
293 3869 317 3932 Ι.
342 3872 375 3935 7.
396 3873 517 3953 Itaque
539 3870 625 3930 iltnd
644 3868 722 3947 cen]
759 3869 848 3929 Haec
878 3872 975 3931 verba
1004 3868 1036 3930 in
1068 3868 1178 3932 codice
1207 3868 1317 3952 Lngd.
1347 3869 1390 3930 ita

62 3954 183 4036 scripta
208 3964 300 4015 sunt:
335 3957 364 4017 1.
388 3955 412 4015 i.
437 3958 475 4019 0.
499 3954 555 4014 cni
577 3952 750 4034 (rescripto
778 3955 896 4027 verbo,
931 3955 961 4015 in
990 3952 1130 4035 margine
1155 3954 1281 4016 additur
1301 3952 1390 4016 bono

50 4037 196 4130 fuerit)
217 4039 253 4100 in
275 4037 328 4100 hic
348 4039 507 4120 personis
531 4041 652 4116 caleat.
698 4038 783 4100 Puto
813 4037 844 4100 in
865 4038 1009 4101 Asconio
1035 4036 1131 4100 inisse
1160 4036 1244 4100 solae
1269 4035 1389 4100 litterae

62 4147 92 4188 e.
114 4125 147 4187 5.
161 4121 225 4215 f..·
257 4121 288 4184 id
315 4145 376 4204 pro
406 4124 596 4202 compendio
627 4121 717 4183 nnius
748 4122 837 4185 verbi
863 4144 932 4186 esse
960 4123 1097 4185 habitum
1127 4143 1147 4184 a
1173 4120 1323 4206 Poggio,
1356 4133 1390 4185 ut

62 4208 330 4289 interpretaretur
352 4209 531 4270 indicium.
577 4209 663 4270 Rara.

150 4294 193 4356 P.
219 4294 271 4354 15.
295 4293 318 4355 l.
345 4296 375 4354 7.
399 4292 523 4373 valeat]
547 4295 634 4354 valet
658 4292 773 4354 Ambr.

47 4436 54 4452 ,
149 4378 191 4441 Ρ.
218 4379 270 4438 15.
295 4378 317 4440 Ι.
343 4379 396 4440 31.
420 4379 496 4440 ideo
518 4380 630 4438 lamen
650 4377 766 4438 curiae
791 4374 901 4454 dicit]
925 4378 1017 4439 Haec
1036 4376 1131 4437 verba
1151 4373 1389 4457 interpolatoris

63 4484 135 4527 esse
157 4473 246 4540 putet
270 4464 355 4526 Rau.

149 4549 192 4611 P.
217 4547 270 4608 46.
295 4548 317 4609 Ι.
342 4547 393 4613 36.
419 4544 599 4627 intentata]
624 4544 755 4607 intento
778 4545 891 4608 Anrbr.
915 4544 1026 4627 Lngd.

150 4633 192 4695 P.
218 4630 272 4693 45.
298 4633 319 4695 1.
344 4634 398 4694 37.
422 4653 490 4694 non
511 4653 586 4693 snm
604 4630 746 4712 pareus]
765 4651 892 4713 parens
914 4651 981 4693 non
1004 4651 1080 4693 cnm
1103 4630 1219 4693 Amin.

151 4717 193 4779 P.
220 4718 273 4778 15.
297 4718 319 4779 l.
345 4717 397 4779 37.
421 4729 472 4780 est
495 4736 559 4780 om.
581 4715 698 4779 Amin.

153 4800 195 4863 P.
222 4803 274 4865 47.
298 4802 320 4864 Ι.
347 4805 377 4864 1.
400 4803 481 4887 quo]
504 4800 596 4887 quod
618 4800 736 4867 Anbr.
