3202 5318
625 351 774 418 INDEX
795 352 975 418 LEGUM.
1394 362 1452 425 iii

130 490 245 577 plebis
272 501 414 554 senatus
440 489 588 557 liabendi
615 491 672 555 iiis
699 504 794 569 erat,
821 514 1027 578 quamquam
1053 507 1228 564 senatores
1256 520 1323 567 non
1345 514 1457 567 essent

133 598 218 651 aitte
239 584 708 668 Atininm'plsbi'scitiim.”
751 587 795 650 Α.
818 587 939 651 Gellius
961 589 1059 653 xlv.
1080 589 1114 652 8.
1509 626 1522 639 ι

221 679 321 744 Anno
339 679 414 741 624.
439 679 527 760 [623.
551 679 641 743 Fast.
662 675 820 761 Capitol]
845 679 885 744 C.
912 678 1046 745 Claudio
1065 682 1208 748 Pulchro
1227 685 1277 751 M.
1293 687 1458 769 Perperna

134 793 225 838 coss.
249 773 302 836 lex
325 771 449 835 Atinia
465 773 586 836 serente
609 777 648 837 0.
671 772 790 837 Atinio
812 772 941 837 tribuno
963 772 1047 836 sacta
1070 787 1213 857 putatur,
1238 801 1297 862 qua
1319 796 1456 859 ratitum,

133 879 174 931 sit
197 866 330 930 trilinni'
346 867 457 949 plebis
477 879 654 930 senatores
675 879 807 939 essent,
832 867 951 950 iusque
972 869 1157 932 sententiae
1179 871 1339 936 dicendae
1358 876 1458 939 liabe-

134 972 231 1026 rent.
262 960 373 1027 Bion.
415 960 495 1023 Eaiii
522 959 660 1041 primum
688 959 824 1023 tribunis
847 959 894 1021 iiis
917 959 1038 1023 dicendi
1063 962 1211 1026 tribuisse
1234 986 1310 1029 sane
1333 968 1457 1051 quidem

133 1053 330 1119 mucetum:
355 1073 431 1116 -ιιοιι
457 1063 560 1115 sutem
587 1054 729 1117 narratio
755 1053 849 1118 Plinii
880 1054 941 1133 (Η.
971 1056 1015 1117 Ν.
1042 1057 1125 1119 Vll.
1156 1059 1244 1138 ti),
1278 1060 1365 1123 Livii
1387 1061 1459 1141 (lib.

135 1148 251 1225 mx.)
272 1157 305 1209 et
330 1145 470 1210 oratoris
491 1168 554 1228 pro
580 1150 676 1212 domo
697 1152 783 1229 (cap.
811 1149 880 1226 it.)
910 1150 948 1209 de
970 1151 1009 1213 C.
1031 1146 1142 1214 Atinii
1163 1148 1405 1216 Labeoni-sira
1427 1154 1459 1217 iii

137 1241 187 1322 Q.
207 1240 377 1305 Metellum
402 1260 586 1317 censorem,
612 1242 666 1324 qiii
694 1241 779 1304 illum
805 1243 964 1303 tribunum
988 1242 1090 1324 plebis
1114 1265 1131 1306 e
1154 1256 1264 1308 senatu
1290 1244 1457 1321 deiecerat,

135 1354 191 1399 iiie
213 1333 333 1409 movit,
359 1344 393 1396 nt
408 1355 477 1395 ciiin
494 1334 680 1419 Augustino
702 1335 786 1397 illam
809 1334 912 1417 legem
933 1335 1005 1397 liiiic
1020 1335 1149 1411 Atinio,
1175 1349 1205 1400 et
1226 1338 1324 1401 miilto
1345 1339 1457 1414 minus,

137 1438 175 1491 iit
195 1447 265 1490 eain
287 1447 371 1490 anno
392 1426 466 1490 624.
489 1427 673 1501 tribueriin3
700 1429 755 1490 sed
776 1427 883 1511 potius
907 1428 979 1489 mihi
1000 1430 1174 1510 persuasit,
1199 1450 1238 1494 eo
1264 1444 1351 1494 certe
1377 1454 1460 1496 aiiiio

137 1520 227 1585 illan
251 1520 356 1605 legem
383 1522 522 1584 nondum
545 1521 642 1584 fuisse
664 1521 772 1583 latam.
815 1521 867 1583 Ex
889 1521 976 1584 Livii
1007 1523 1087 1584 enim
1115 1522 1296 1586 narratione
1325 1527 1362 1599 C.
1384 1526 1461 1589 Aii-

138 1614 223 1678 πίω
242 1613 389 1676 tribunus
414 1613 514 1696 plebis
538 1614 641 1678 lactus
664 1636 681 1677 a
705 1613 921 1678 Macedonico
947 1635 1081 1678 censore
1112 1616 1166 1695 „in
1194 1626 1304 1677 senatu
1326 1618 1461 1702 legendo

134 1707 354 1791 praeteritus
375 1707 490 1782 erat;”
527 1706 588 1770 ism
611 1707 709 1792 igitur
736 1719 807 1770 ante
836 1729 946 1770 munus
974 1708 1174 1771 tribunicium
1205 1723 1333 1772 senator
1360 1711 1460 1772 lectus

136 1800 241 1865 fnisse
262 1800 401 1866 videtur.
443 1802 558 1865 Festiis
580 1822 615 1866 v.
636 1801 821 1867 Praeteriti
841 1813 1029 1866 senatores.
1074 1803 1228 1866 Kneuzs.

727 1960 884 2024 Auriniii.

227 2084 370 2162 „Lurco
397 2093 500 2145 autern
530 2081 677 2145 tribunus
699 2081 819 2160 plebis,
853 2080 908 2164 qiii
935 2079 1150 2164 magistratum
1179 2081 1270 2146 simul
1294 2102 1363 2146 ciun
1390 2084 1461 2168 lege

140 2174 235 2240 Aelia
260 2174 349 2250 iniit,
378 2175 503 2239 solutus
525 2185 574 2237 est
594 2184 626 2237 et
648 2173 739 2237 Aelia
765 2184 797 2235 et
816 2174 925 2250 Fufia,
956 2186 989 2236 iit
1013 2175 1114 2257 legem
1139 2177 1177 2236 de
1201 2175 1318 2238 ambitu
1340 2177 1459 2239 ferreis

140 2289 237 2354 qiisni
269 2266 325 2330 ille
356 2268 444 2332 bono
472 2267 614 2349 auspicio
638 2267 767 2329 claudus
796 2268 893 2330 hoiiio
924 2267 1152 2351 promulgavit.
1196 2268 1245 2332 lta
1277 2265 1400 2332 comitis
1430 2270 1461 2332 in

141 2360 319 2425 antediem
338 2361 404 2425 vl.
425 2362 499 2425 Kal.
523 2363 612 2423 Sext.
636 2360 729 2421 dilata
756 2371 838 2424 siiiit.
881 2360 970 2424 Novi
996 2360 1097 2446 estin
1125 2361 1196 2441 lege
1218 2362 1298 2434 hoc,
1323 2371 1380 2435 ui,
1402 2362 1463 2444 qia·

142 2468 304 2519 minos
331 2452 369 2516 in
392 2454 502 2518 tritius
524 2452 781 2538 pronuntiarit,
813 2452 845 2515 si
871 2473 940 2515 non
968 2454 1115 2526 dederit,
1149 2454 1286 2535 impune
1312 2454 1377 2517 riti
1408 2456 1463 2517 si'n

142 2547 293 2623 dederit,
323 2559 379 2621 iit,
409 2548 524 2632 quoad
544 2547 652 2621 vivat,
683 2545 831 2628 singulis
852 2546 1005 2610 tribubus
1027 2547 1087 2611 Hs
1113 2565 1290 2613 cincinnio.
1309 2546 1463 2651 qebsm.'’

141 2640 277 2707 aas.
302 2639 332 2706 1.
357 2645 417 2716 io,
442 2642 491 2708 ti.
539 2674 546 2687 ·
724 2684 727 2694 .
898 2632 904 2656 l
1545 2702 1551 2715 ,

224 2733 310 2797 Bria
335 2744 386 2798 est
409 2734 450 2797 ab
470 2734 618 2815 Aufidio
644 2735 802 2798 Lurconc
832 2732 960 2799 tribuno
986 2733 1088 2817 plebis
1111 2754 1141 2796 a.
1165 2754 1197 2795 ii.
1222 2731 1296 2799 692.
1342 2731 1463 2799 Pisone

142 2837 173 2890 et
194 2826 353 2893 Masalia
376 2829 571 2896 consulibus.

602 3012 705 3074 Auni.
748 3009 826 3073 Vid.
845 3009 1010 3073 Gummi.

711 3189 900 3252 Ausoniis.

225 3305 393 3379 ,Possum
414 3306 537 3382 dicere,
557 3308 716 3372 liomincm
740 3329 857 3371 summa
883 3306 1047 3390 prudentia
1068 3306 1185 3369 clarum
1206 3308 1244 3371 C.
1270 3309 1406 3371 Cottam
1427 3310 1464 3369 de

145 3397 210 3464 inis
231 3398 360 3483 legibus
388 3402 577 3485 abnegandis
604 3404 704 3484 ipsiim
734 3405 772 3464 ad
798 3413 937 3464 senatum
964 3399 1149 3480 rettulisse]
1195 3399 1258 3464 Hic
1284 3412 1331 3462 est
1354 3404 1463 3474 Cotta,

146 3493 183 3553 ils
205 3512 275 3574 quo
298 3492 360 3554 iani
386 3514 480 3572 saepe
507 3495 658 3572 diximus,
694 3517 824 3578 magmis
853 3506 964 3556 orator
990 3495 1113 3555 habitus
1147 3505 1177 3555 et
1208 3514 1338 3575 compar
1368 3494 1399 3555 iii
1428 3515 1464 3555 ea

148 3586 250 3668 gloria
283 3587 325 3649 P.
358 3588 500 3668 Sulpicio
533 3601 565 3650 et
596 3588 639 3653 C.
666 3588 809 3653 Caesari.
854 3589 1013 3650 Videntur
1039 3600 1139 3650 autem
1173 3587 1203 3649 iii
1232 3590 1327 3649 rebiis
1356 3585 1464 3668 parvis

145 3680 242 3742 {nisu
264 3681 356 3762 leges
371 3682 460 3758 illae,
485 3705 562 3764 quas
585 3705 655 3744 ciim
677 3684 817 3757 tulisset,
842 3682 962 3744 rettulit
985 3686 1022 3743 de
1041 3682 1078 3744 iis
1097 3681 1287 3764 abrogandis
1312 3683 1350 3742 ad
1373 3700 1463 3741 sens-

146 3782 229 3849 tiim,
255 3795 327 3836 iiam
347 3795 450 3857 neque
471 3781 554 3858 apud
575 3777 743 3839 Salustium
766 3798 867 3858 neque
887 3778 969 3857 apiiil
988 3776 1113 3838 Liviiiiii
1140 3796 1239 3856 neque
1258 3777 1341 3855 apud
1363 3773 1465 3835 Fene-

146 3867 268 3929 stellam
302 3867 396 3929 iilliiis
425 3870 554 3932 alterius
583 3872 664 3933 latae
694 3873 733 3932 ali
765 3891 804 3934 eo
835 3870 913 3951 legis
943 3869 1061 3932 mentio
1094 3879 1222 3950 praeter
1248 3889 1337 3942 eain,
1371 3884 1464 3948 quain

147 3960 216 4024 miii
238 3960 272 4025 iii
296 3962 465 4027 consulatu
487 3968 530 4042 (a.
553 3986 585 4028 ii.
610 3967 647 4027 67
652 3966 699 4045 8.)
724 3986 838 4049 magno
860 3962 973 4045 populi
994 3963 1118 4038 studio,

485 4124 639 4186 Aunesis
661 4123 856 4186 tribunicia.

149 4255 200 4312 ,iit
222 4242 287 4317 iis,
308 4243 370 4327 qni
384 4243 512 4306 tribuni
522 4246 631 4327 plebis
634 4242 816 4333 sciissent,
840 4244 930 4308 alios
950 4262 1081 4326 quoque
1104 4239 1331 4322 magistratus
1346 4257 1466 4319 capere

148 4335 279 4413 liceret,
306 4339 394 4419 quod
410 4338 461 4399 lex
482 4359 499 4399 a
521 4339 675 4401 dictatore
692 4339 734 4398 L.
757 4338 841 4399 Sulla
856 4336 964 4420 paucis
982 4334 1156 4397 antrannis
1173 4334 1231 4393 lata
1254 4330 1464 4412 prohibebat:

149 4448 249 4514 neque
273 4450 343 4493 eam
368 4433 489 4495 Cottae
505 4432 606 4515 legem
625 4435 808 4514 abrogatam
828 4453 896 4492 csse
912 4428 1102 4511 significat.''
1148 4428 1267 4490 Asson.
1289 4425 1319 4486 in
1336 4421 1467 4487 Cornel.

151 4540 176 4600 p.
203 4524 259 4589 66.
283 4553 326 4569 -·
357 4523 412 4595 „Is
436 4527 487 4600 (C.
512 4529 626 4598 Cotta)
649 4525 758 4586 consul
780 4524 905 4604 paiiliiui
932 4523 1065 4583 tribunis
1089 4519 1191 4600 plebis
1215 4540 1277 4580 non
1300 4517 1466 4599 potcstatis

152 4617 198 4677 mi
214 4616 382 4701 dignitatis
396 4618 540 4699 acutule]
585 4619 647 4680 Hic
667 4622 704 4682 C.
726 4621 845 4690 Cotta,
870 4629 903 4678 iit
918 4628 1016 4696 puto,
1039 4615 1139 4698 legem
1156 4612 1240 4686 tiilit,
1264 4624 1301 4675 iit
1320 4610 1467 4674 triliiinis

152 4711 252 4786 plebis
274 4711 395 4775 liceret
413 4723 537 4794 postea
558 4715 646 4776 alios
675 4711 898 4793 magistratus
920 4730 1059 4792 capere,
1095 4708 1180 4792 qiioil
1203 4707 1272 4791 lege
1298 4705 1402 4768 Sullae
1429 4704 1466 4765 iis

155 4815 213 4865 siat
234 4803 455 4888 ademptum.''
498 4807 617 4873 Asson.
639 4805 670 4868 iii
694 4805 828 4869 Cornel.
852 4826 886 4888 p.
913 4805 928 4864 i
933 4803 964 4866 8.
