<?xml version="1.0" encoding="UTF-8"?>
<!DOCTYPE html PUBLIC "-//W3C//DTD XHTML 1.0 Transitional//EN"
    "http://www.w3.org/TR/xhtml1/DTD/xhtml1-transitional.dtd">
<html xmlns="http://www.w3.org/1999/xhtml" xml:lang="en" lang="en">
 <head>
  <title>
</title>
<meta http-equiv="Content-Type" content="text/html;charset=utf-8" />
  <meta name='ocr-system' content='tesseract 3.04.00' />
  <meta name='ocr-capabilities' content='ocr_page ocr_carea ocr_par ocr_line ocrx_word'/>
</head>
<body>
  <div class='ocr_page' id='page_1' title='image "./operaquaesupers05halmgoog/operaquaesupers05halmgoog_0056.png"; bbox 0 0 3202 5318; ppageno 0'>
   <div class='ocr_carea' id='block_1_1' title="bbox 506 350 1388 440">
    <p class='ocr_par' dir='ltr' id='par_1_1' title="bbox 506 350 1388 440">
     <span class='ocr_line' id='line_1_1' title="bbox 506 350 1388 440; baseline 0.007 -7"><span class='ocrx_word' id='word_1_1' title='bbox 506 350 974 438; x_wconf 76' lang='lat' dir='ltr'>eunuco-unricus&#39;</span> <span class='ocrx_word' id='word_1_2' title='bbox 1115 361 1121 367; x_wconf 84' lang='grc'><strong><em>·</em></strong></span> <span class='ocrx_word' id='word_1_3' title='bbox 1346 374 1388 440; x_wconf 83' lang='lat' dir='ltr'>ss</span> 
     </span>
    </p>
   </div>
   <div class='ocr_carea' id='block_1_2' title="bbox 48 511 1453 785">
    <p class='ocr_par' dir='ltr' id='par_1_2' title="bbox 48 511 1453 785">
     <span class='ocr_line' id='line_1_2' title="bbox 51 511 1386 598; baseline 0.004 -24"><span class='ocrx_word' id='word_1_4' title='bbox 51 530 163 575; x_wconf 79' lang='lat' dir='ltr'>eorum</span> <span class='ocrx_word' id='word_1_5' title='bbox 187 531 281 575; x_wconf 83' lang='lat' dir='ltr'>inore</span> <span class='ocrx_word' id='word_1_6' title='bbox 305 531 370 575; x_wconf 91' lang='lat' dir='ltr'>non</span> <span class='ocrx_word' id='word_1_7' title='bbox 393 520 541 575; x_wconf 85' lang='lat' dir='ltr'>rnortuos</span> <span class='ocrx_word' id='word_1_8' title='bbox 562 511 665 577; x_wconf 86' lang='lat' dir='ltr'>solum</span> <span class='ocrx_word' id='word_1_9' title='bbox 690 511 866 593; x_wconf 77' lang='lat' dir='ltr'>magnificis</span> <span class='ocrx_word' id='word_1_10' title='bbox 880 511 1025 576; x_wconf 82' lang='lat' dir='ltr'>vestibus</span> <span class='ocrx_word' id='word_1_11' title='bbox 1041 525 1192 590; x_wconf 82' lang='lat' dir='ltr'>ornatos,</span> <span class='ocrx_word' id='word_1_12' title='bbox 1217 518 1386 598; x_wconf 75' lang='lat' dir='ltr'>sedsaepe</span> 
     </span>
     <span class='ocr_line' id='line_1_3' title="bbox 49 598 1453 713; baseline 0.003 -43"><span class='ocrx_word' id='word_1_13' title='bbox 49 605 145 670; x_wconf 75' lang='lat' dir='ltr'>etia·</span> <span class='ocrx_word' id='word_1_14' title='bbox 168 604 376 669; x_wconf 75' lang='lat' dir='ltr'>morituros.</span> <span class='ocrx_word' id='word_1_15' title='bbox 432 604 518 668; x_wconf 81' lang='lat' dir='ltr'>Hinc</span> <span class='ocrx_word' id='word_1_16' title='bbox 537 604 764 686; x_wconf 86' lang='lat' dir='ltr'>Apollodorus</span> <span class='ocrx_word' id='word_1_17' title='bbox 787 605 932 668; x_wconf 84' lang='lat' dir='ltr'>Socratis</span> <span class='ocrx_word' id='word_1_18' title='bbox 954 606 1129 713; x_wconf 81' lang='lat' dir='ltr'>discipulus</span> <span class='ocrx_word' id='word_1_19' title='bbox 1150 608 1279 674; x_wconf 82' lang='lat' dir='ltr'>Socrati</span> <span class='ocrx_word' id='word_1_20' title='bbox 1299 609 1383 674; x_wconf 77' lang='lat' dir='ltr'>oile-</span> <span class='ocrx_word' id='word_1_21' title='bbox 1435 598 1453 701; x_wconf 34' lang='lat'><em>2</em></span> 
     </span>
     <span class='ocr_line' id='line_1_4' title="bbox 48 697 1386 785; baseline 0.004 -23"><span class='ocrx_word' id='word_1_22' title='bbox 48 700 141 762; x_wconf 82' lang='lat' dir='ltr'>rebat</span> <span class='ocrx_word' id='word_1_23' title='bbox 164 698 368 783; x_wconf 73' lang='lat' dir='ltr'>magnificam</span> <span class='ocrx_word' id='word_1_24' title='bbox 391 708 528 774; x_wconf 67' lang='lat' dir='ltr'>varen,</span> <span class='ocrx_word' id='word_1_25' title='bbox 552 718 618 782; x_wconf 78' lang='lat' dir='ltr'>qiua</span> <span class='ocrx_word' id='word_1_26' title='bbox 640 697 769 762; x_wconf 88' lang='lat' dir='ltr'>indutus</span> <span class='ocrx_word' id='word_1_27' title='bbox 791 701 916 762; x_wconf 88' lang='lat' dir='ltr'>demum</span> <span class='ocrx_word' id='word_1_28' title='bbox 938 700 1073 764; x_wconf 76' lang='lat' dir='ltr'>cicutam</span> <span class='ocrx_word' id='word_1_29' title='bbox 1088 700 1226 767; x_wconf 78' lang='lat' dir='ltr'>biberet</span> <span class='ocrx_word' id='word_1_30' title='bbox 1247 723 1301 785; x_wconf 90' lang='lat' dir='ltr'>ap.</span> <span class='ocrx_word' id='word_1_31' title='bbox 1318 701 1386 767; x_wconf 76' lang='lat' dir='ltr'>Aa·</span> 
     </span>
    </p>
   </div>
   <div class='ocr_carea' id='block_1_3' title="bbox 24 790 1473 4837">
    <p class='ocr_par' dir='ltr' id='par_1_3' title="bbox 48 790 1419 1349">
     <span class='ocr_line' id='line_1_5' title="bbox 50 790 1388 879; baseline 0.002 -22"><span class='ocrx_word' id='word_1_32' title='bbox 50 792 122 860; x_wconf 69' lang='lat' dir='ltr'>liar.</span> <span class='ocrx_word' id='word_1_33' title='bbox 148 794 200 856; x_wconf 98' lang='lat' dir='ltr'>V.</span> <span class='ocrx_word' id='word_1_34' title='bbox 224 794 269 859; x_wconf 82' lang='grc' dir='ltr'>Η.</span> <span class='ocrx_word' id='word_1_35' title='bbox 293 793 324 857; x_wconf 89' lang='lat' dir='ltr'>l.</span> <span class='ocrx_word' id='word_1_36' title='bbox 350 793 403 857; x_wconf 85' lang='grc'>16.</span> <span class='ocrx_word' id='word_1_37' title='bbox 426 790 471 859; x_wconf 74' lang='lat' dir='ltr'>ci</span> <span class='ocrx_word' id='word_1_38' title='bbox 493 790 635 860; x_wconf 66' lang='grc'><strong>11191.</strong></span> <span class='ocrx_word' id='word_1_39' title='bbox 660 792 778 856; x_wconf 69' lang='grc' dir='ltr'><strong>ΝΘ.</strong></span> <span class='ocrx_word' id='word_1_40' title='bbox 824 793 937 875; x_wconf 75' lang='lat' dir='ltr'>ltaque</span> <span class='ocrx_word' id='word_1_41' title='bbox 967 794 1059 859; x_wconf 82' lang='lat' dir='ltr'>eriam</span> <span class='ocrx_word' id='word_1_42' title='bbox 1081 793 1288 879; x_wconf 72' lang='grc' dir='ltr'>ἐνταφιάζειν</span> <span class='ocrx_word' id='word_1_43' title='bbox 1310 791 1388 860; x_wconf 68' lang='lat' dir='ltr'>nihi</span> 
     </span>
     <span class='ocr_line' id='line_1_6' title="bbox 48 862 1419 965; baseline 0.002 -13"><span class='ocrx_word' id='word_1_44' title='bbox 48 888 179 953; x_wconf 81' lang='lat' dir='ltr'>videtur</span> <span class='ocrx_word' id='word_1_45' title='bbox 209 862 306 951; x_wconf 82' lang='lat' dir='ltr'>banc</span> <span class='ocrx_word' id='word_1_46' title='bbox 322 889 386 950; x_wconf 80' lang='lat' dir='ltr'>rim</span> <span class='ocrx_word' id='word_1_47' title='bbox 415 888 534 950; x_wconf 84' lang='lat' dir='ltr'>habere</span> <span class='ocrx_word' id='word_1_48' title='bbox 565 886 685 965; x_wconf 76' lang='lat' dir='ltr'>Mattb.</span> <span class='ocrx_word' id='word_1_49' title='bbox 715 886 852 950; x_wconf 81' lang='lat' dir='ltr'><strong>XXVI.</strong></span> <span class='ocrx_word' id='word_1_50' title='bbox 884 888 937 950; x_wconf 75' lang='lat'>12.</span> <span class='ocrx_word' id='word_1_51' title='bbox 968 888 1105 952; x_wconf 82' lang='lat' dir='ltr'>bononis</span> <span class='ocrx_word' id='word_1_52' title='bbox 1126 910 1221 953; x_wconf 80' lang='lat' dir='ltr'>carisa</span> <span class='ocrx_word' id='word_1_53' title='bbox 1243 888 1419 955; x_wconf 53' lang='lat' dir='ltr'>moritu-s</span> 
     </span>
     <span class='ocr_line' id='line_1_7' title="bbox 49 980 1388 1067; baseline -0.002 -18"><span class='ocrx_word' id='word_1_54' title='bbox 49 1004 129 1049; x_wconf 76' lang='lat' dir='ltr'>nm</span> <span class='ocrx_word' id='word_1_55' title='bbox 149 1002 298 1067; x_wconf 66' lang='lat' dir='ltr'>ungere.</span> <span class='ocrx_word' id='word_1_56' title='bbox 324 983 475 1046; x_wconf 82' lang='lat' dir='ltr'>Nondum</span> <span class='ocrx_word' id='word_1_57' title='bbox 498 980 582 1044; x_wconf 85' lang='lat' dir='ltr'>enirn</span> <span class='ocrx_word' id='word_1_58' title='bbox 605 991 751 1045; x_wconf 83' lang='lat' dir='ltr'>mortuus</span> <span class='ocrx_word' id='word_1_59' title='bbox 774 993 862 1059; x_wconf 81' lang='lat' dir='ltr'>erat,</span> <span class='ocrx_word' id='word_1_60' title='bbox 887 983 953 1045; x_wconf 90' lang='lat' dir='ltr'>etsi</span> <span class='ocrx_word' id='word_1_61' title='bbox 975 984 1142 1048; x_wconf 78' lang='lat' dir='ltr'>tinctiones</span> <span class='ocrx_word' id='word_1_62' title='bbox 1162 1000 1297 1067; x_wconf 81' lang='lat' dir='ltr'>proprie</span> <span class='ocrx_word' id='word_1_63' title='bbox 1310 992 1388 1067; x_wconf 80' lang='lat' dir='ltr'>pont</span> 
     </span>
     <span class='ocr_line' id='line_1_8' title="bbox 51 1073 1387 1158; baseline 0.003 -19"><span class='ocrx_word' id='word_1_64' title='bbox 51 1087 190 1140; x_wconf 78' lang='lat' dir='ltr'>ranrteen</span> <span class='ocrx_word' id='word_1_65' title='bbox 210 1076 343 1141; x_wconf 79' lang='lat' dir='ltr'>fiebant.</span> <span class='ocrx_word' id='word_1_66' title='bbox 391 1074 455 1138; x_wconf 85' lang='lat' dir='ltr'>Hic</span> <span class='ocrx_word' id='word_1_67' title='bbox 475 1095 557 1158; x_wconf 78' lang='lat' dir='ltr'>crgo</span> <span class='ocrx_word' id='word_1_68' title='bbox 580 1087 629 1139; x_wconf 91' lang='lat' dir='ltr'>est</span> <span class='ocrx_word' id='word_1_69' title='bbox 651 1073 718 1139; x_wconf 88' lang='lat' dir='ltr'>loci</span> <span class='ocrx_word' id='word_1_70' title='bbox 739 1076 851 1151; x_wconf 87' lang='lat' dir='ltr'>huius,</span> <span class='ocrx_word' id='word_1_71' title='bbox 884 1097 952 1138; x_wconf 88' lang='lat' dir='ltr'>mea</span> <span class='ocrx_word' id='word_1_72' title='bbox 975 1077 1148 1154; x_wconf 83' lang='lat' dir='ltr'>sententia,</span> <span class='ocrx_word' id='word_1_73' title='bbox 1179 1096 1314 1142; x_wconf 78' lang='lat' dir='ltr'>sensns:</span> <span class='ocrx_word' id='word_1_74' title='bbox 1345 1078 1387 1143; x_wconf 76' lang='lat' dir='ltr'>In</span> 
     </span>
     <span class='ocr_line' id='line_1_9' title="bbox 50 1168 1388 1255; baseline 0 -20"><span class='ocrx_word' id='word_1_75' title='bbox 50 1171 104 1235; x_wconf 75' lang='lat' dir='ltr'>liis</span> <span class='ocrx_word' id='word_1_76' title='bbox 125 1169 240 1237; x_wconf 72' lang='lat' dir='ltr'>nonin</span> <span class='ocrx_word' id='word_1_77' title='bbox 260 1191 329 1255; x_wconf 75' lang='lat' dir='ltr'>ego</span> <span class='ocrx_word' id='word_1_78' title='bbox 350 1190 420 1233; x_wconf 87' lang='grc' dir='ltr'>ιιοιι</span> <span class='ocrx_word' id='word_1_79' title='bbox 442 1171 557 1235; x_wconf 86' lang='lat' dir='ltr'>solum</span> <span class='ocrx_word' id='word_1_80' title='bbox 577 1168 731 1233; x_wconf 72' lang='lat' dir='ltr'>amnites·</span> <span class='ocrx_word' id='word_1_81' title='bbox 752 1190 858 1253; x_wconf 80' lang='lat' dir='ltr'>cgere</span> <span class='ocrx_word' id='word_1_82' title='bbox 880 1182 1106 1241; x_wconf 83' lang='lat' dir='ltr'>senectutem.</span> <span class='ocrx_word' id='word_1_83' title='bbox 1131 1173 1314 1238; x_wconf 82' lang='lat' dir='ltr'>sedetiam</span> <span class='ocrx_word' id='word_1_84' title='bbox 1326 1171 1388 1235; x_wconf 79' lang='lat' dir='ltr'>lto-</span> 
     </span>
     <span class='ocr_line' id='line_1_10' title="bbox 53 1261 1005 1349; baseline 0.001 -20"><span class='ocrx_word' id='word_1_85' title='bbox 53 1276 151 1329; x_wconf 78' lang='lat' dir='ltr'>nesta</span> <span class='ocrx_word' id='word_1_86' title='bbox 171 1264 386 1349; x_wconf 72' lang='lat' dir='ltr'>diemdeqrra</span> <span class='ocrx_word' id='word_1_87' title='bbox 408 1263 500 1328; x_wconf 84' lang='lat' dir='ltr'>mori</span> <span class='ocrx_word' id='word_1_88' title='bbox 522 1285 575 1326; x_wconf 84' lang='lat' dir='ltr'>me</span> <span class='ocrx_word' id='word_1_89' title='bbox 592 1285 699 1347; x_wconf 82' lang='lat' dir='ltr'>porse</span> <span class='ocrx_word' id='word_1_90' title='bbox 720 1261 876 1340; x_wconf 82' lang='lat' dir='ltr'>confido.</span> <span class='ocrx_word' id='word_1_91' title='bbox 923 1265 1005 1330; x_wconf 78' lang='lat' dir='ltr'>Ens.</span> 
     </span>
    </p>

    <p class='ocr_par' dir='ltr' id='par_1_4' title="bbox 52 1356 1473 4648">
     <span class='ocr_line' id='line_1_11' title="bbox 136 1356 1388 1443; baseline -0.001 -17"><span class='ocrx_word' id='word_1_92' title='bbox 136 1361 352 1438; x_wconf 74' lang='grc' dir='ltr'>Ἐντελεχεια.</span> <span class='ocrx_word' id='word_1_93' title='bbox 405 1358 541 1440; x_wconf 81' lang='lat' dir='ltr'>„Ipsum</span> <span class='ocrx_word' id='word_1_94' title='bbox 569 1356 705 1421; x_wconf 86' lang='lat' dir='ltr'>animum</span> <span class='ocrx_word' id='word_1_95' title='bbox 735 1366 935 1438; x_wconf 71' lang='grc' dir='ltr'>ἐντελέχειαν</span> <span class='ocrx_word' id='word_1_96' title='bbox 967 1360 1106 1443; x_wconf 86' lang='lat' dir='ltr'>appellat</span> <span class='ocrx_word' id='word_1_97' title='bbox 1138 1382 1227 1427; x_wconf 85' lang='lat' dir='ltr'>novo</span> <span class='ocrx_word' id='word_1_98' title='bbox 1261 1358 1388 1426; x_wconf 83' lang='lat' dir='ltr'>nornine</span> 
     </span>
     <span class='ocr_line' id='line_1_12' title="bbox 53 1451 1387 1539; baseline 0.002 -23"><span class='ocrx_word' id='word_1_99' title='bbox 53 1452 145 1537; x_wconf 75' lang='lat' dir='ltr'>quasi</span> <span class='ocrx_word' id='word_1_100' title='bbox 165 1455 326 1539; x_wconf 76' lang='lat' dir='ltr'>quandam</span> <span class='ocrx_word' id='word_1_101' title='bbox 349 1451 567 1517; x_wconf 72' lang='lat' dir='ltr'>continuatam</span> <span class='ocrx_word' id='word_1_102' title='bbox 590 1451 765 1516; x_wconf 85' lang='lat' dir='ltr'>motionem</span> <span class='ocrx_word' id='word_1_103' title='bbox 787 1463 819 1516; x_wconf 91' lang='lat' dir='ltr'>et</span> <span class='ocrx_word' id='word_1_104' title='bbox 841 1452 1051 1536; x_wconf 83' lang='lat' dir='ltr'>perennem.”</span> <span class='ocrx_word' id='word_1_105' title='bbox 1074 1457 1175 1519; x_wconf 82' lang='lat' dir='ltr'>Tusc.</span> <span class='ocrx_word' id='word_1_106' title='bbox 1200 1456 1227 1522; x_wconf 90' lang='lat' dir='ltr'>l.</span> <span class='ocrx_word' id='word_1_107' title='bbox 1250 1458 1308 1531; x_wconf 80' lang='lat' dir='ltr'>to,</span> <span class='ocrx_word' id='word_1_108' title='bbox 1332 1455 1387 1519; x_wconf 68' lang='lat'>22.</span> 
     </span>
     <span class='ocr_line' id='line_1_13' title="bbox 52 1544 1390 1636; baseline 0.001 -25"><span class='ocrx_word' id='word_1_109' title='bbox 52 1544 102 1613; x_wconf 84' lang='lat' dir='ltr'>llr</span> <span class='ocrx_word' id='word_1_110' title='bbox 123 1545 222 1613; x_wconf 72' lang='lat' dir='ltr'>truite</span> <span class='ocrx_word' id='word_1_111' title='bbox 243 1546 397 1613; x_wconf 65' lang='lat' dir='ltr'>vocabuli</span> <span class='ocrx_word' id='word_1_112' title='bbox 418 1545 451 1609; x_wconf 80' lang='lat' dir='ltr'>vi</span> <span class='ocrx_word' id='word_1_113' title='bbox 474 1548 681 1611; x_wconf 79' lang='lat' dir='ltr'>veliementer</span> <span class='ocrx_word' id='word_1_114' title='bbox 704 1546 895 1628; x_wconf 87' lang='lat' dir='ltr'>disputatum</span> <span class='ocrx_word' id='word_1_115' title='bbox 919 1568 989 1611; x_wconf 82' lang='lat' dir='ltr'>csse</span> <span class='ocrx_word' id='word_1_116' title='bbox 1012 1561 1150 1612; x_wconf 87' lang='lat' dir='ltr'>constat.</span> <span class='ocrx_word' id='word_1_117' title='bbox 1195 1551 1283 1629; x_wconf 82' lang='lat' dir='ltr'>Not,</span> <span class='ocrx_word' id='word_1_118' title='bbox 1306 1569 1390 1636; x_wconf 83' lang='lat' dir='ltr'>quae</span> 
     </span>
     <span class='ocr_line' id='line_1_14' title="bbox 53 1639 1388 1726; baseline 0.004 -21"><span class='ocrx_word' id='word_1_119' title='bbox 53 1662 90 1705; x_wconf 77' lang='lat' dir='ltr'>aa</span> <span class='ocrx_word' id='word_1_120' title='bbox 111 1642 181 1711; x_wconf 69' lang='lat' dir='ltr'>ltu</span> <span class='ocrx_word' id='word_1_121' title='bbox 203 1640 280 1707; x_wconf 85' lang='lat' dir='ltr'>loeo</span> <span class='ocrx_word' id='word_1_122' title='bbox 302 1651 449 1723; x_wconf 81' lang='lat' dir='ltr'>potestas</span> <span class='ocrx_word' id='word_1_123' title='bbox 471 1639 542 1703; x_wconf 90' lang='lat' dir='ltr'>elici</span> <span class='ocrx_word' id='word_1_124' title='bbox 567 1640 692 1722; x_wconf 90' lang='lat' dir='ltr'>possit,</span> <span class='ocrx_word' id='word_1_125' title='bbox 727 1639 923 1716; x_wconf 81' lang='lat' dir='ltr'>uidebimus,</span> <span class='ocrx_word' id='word_1_126' title='bbox 958 1655 989 1705; x_wconf 87' lang='lat' dir='ltr'>et</span> <span class='ocrx_word' id='word_1_127' title='bbox 1011 1664 1083 1704; x_wconf 88' lang='lat' dir='ltr'>cum</span> <span class='ocrx_word' id='word_1_128' title='bbox 1106 1642 1179 1726; x_wconf 86' lang='lat' dir='ltr'>ipso</span> <span class='ocrx_word' id='word_1_129' title='bbox 1209 1642 1388 1711; x_wconf 72' lang='lat' dir='ltr'>Aristotele</span> 
     </span>
     <span class='ocr_line' id='line_1_15' title="bbox 52 1733 1389 1831; baseline 0.001 -31"><span class='ocrx_word' id='word_1_130' title='bbox 52 1734 324 1831; x_wconf 61' lang='lat' dir='ltr'>eonpapbimus.</span> <span class='ocrx_word' id='word_1_131' title='bbox 371 1733 492 1799; x_wconf 89' lang='lat' dir='ltr'>Ciccrn</span> <span class='ocrx_word' id='word_1_132' title='bbox 521 1735 582 1810; x_wconf 83' lang='lat' dir='ltr'>ait,</span> <span class='ocrx_word' id='word_1_133' title='bbox 620 1734 827 1799; x_wconf 76' lang='lat' dir='ltr'>Aristotelem</span> <span class='ocrx_word' id='word_1_134' title='bbox 855 1734 990 1812; x_wconf 89' lang='lat' dir='ltr'>vidisse,</span> <span class='ocrx_word' id='word_1_135' title='bbox 1022 1735 1167 1801; x_wconf 79' lang='lat' dir='ltr'>actiones</span> <span class='ocrx_word' id='word_1_136' title='bbox 1196 1737 1289 1800; x_wconf 88' lang='lat' dir='ltr'>animi</span> <span class='ocrx_word' id='word_1_137' title='bbox 1318 1757 1389 1801; x_wconf 82' lang='lat' dir='ltr'>esse</span> 
     </span>
     <span class='ocr_line' id='line_1_16' title="bbox 54 1829 1389 1916; baseline -0.001 -21"><span class='ocrx_word' id='word_1_138' title='bbox 54 1850 121 1905; x_wconf 80' lang='lat' dir='ltr'>eas,</span> <span class='ocrx_word' id='word_1_139' title='bbox 144 1848 232 1915; x_wconf 72' lang='lat' dir='ltr'>que</span> <span class='ocrx_word' id='word_1_140' title='bbox 253 1829 284 1894; x_wconf 91' lang='lat' dir='ltr'>in</span> <span class='ocrx_word' id='word_1_141' title='bbox 308 1829 473 1893; x_wconf 82' lang='lat' dir='ltr'>materiam</span> <span class='ocrx_word' id='word_1_142' title='bbox 496 1831 612 1892; x_wconf 88' lang='lat' dir='ltr'>cadere</span> <span class='ocrx_word' id='word_1_143' title='bbox 634 1850 700 1893; x_wconf 91' lang='lat' dir='ltr'>non</span> <span class='ocrx_word' id='word_1_144' title='bbox 721 1841 871 1912; x_wconf 77' lang='lat' dir='ltr'>possent,</span> <span class='ocrx_word' id='word_1_145' title='bbox 904 1849 1008 1914; x_wconf 81' lang='lat' dir='ltr'>neque</span> <span class='ocrx_word' id='word_1_146' title='bbox 1029 1830 1071 1895; x_wconf 89' lang='lat' dir='ltr'>ab</span> <span class='ocrx_word' id='word_1_147' title='bbox 1093 1831 1162 1895; x_wconf 85' lang='lat' dir='ltr'>ullo</span> <span class='ocrx_word' id='word_1_148' title='bbox 1183 1852 1302 1916; x_wconf 81' lang='lat' dir='ltr'>genere</span> <span class='ocrx_word' id='word_1_149' title='bbox 1324 1830 1389 1895; x_wconf 84' lang='lat' dir='ltr'>els-</span> 
     </span>
     <span class='ocr_line' id='line_1_17' title="bbox 55 1921 1390 2010; baseline 0.001 -23"><span class='ocrx_word' id='word_1_150' title='bbox 55 1932 236 1989; x_wconf 78' lang='lat' dir='ltr'>nsaturuur</span> <span class='ocrx_word' id='word_1_151' title='bbox 262 1921 446 2005; x_wconf 73' lang='lat' dir='ltr'>proficisci,</span> <span class='ocrx_word' id='word_1_152' title='bbox 476 1944 560 2008; x_wconf 81' lang='lat' dir='ltr'>qnae</span> <span class='ocrx_word' id='word_1_153' title='bbox 587 1923 681 1987; x_wconf 83' lang='lat' dir='ltr'>nobis</span> <span class='ocrx_word' id='word_1_154' title='bbox 711 1924 837 2008; x_wconf 81' lang='lat' dir='ltr'>quidem</span> <span class='ocrx_word' id='word_1_155' title='bbox 868 1936 945 1988; x_wconf 90' lang='lat' dir='ltr'>nota</span> <span class='ocrx_word' id='word_1_156' title='bbox 966 1935 1084 1989; x_wconf 86' lang='lat' dir='ltr'>essent.</span> <span class='ocrx_word' id='word_1_157' title='bbox 1127 1927 1236 2010; x_wconf 78' lang='lat' dir='ltr'>Atque</span> <span class='ocrx_word' id='word_1_158' title='bbox 1257 1925 1290 1989; x_wconf 86' lang='lat' dir='ltr'>id</span> <span class='ocrx_word' id='word_1_159' title='bbox 1311 1946 1390 1989; x_wconf 80' lang='lat' dir='ltr'>vere</span> 
     </span>
     <span class='ocr_line' id='line_1_18' title="bbox 55 2017 1391 2103; baseline 0.001 -20"><span class='ocrx_word' id='word_1_160' title='bbox 55 2017 219 2083; x_wconf 81' lang='lat' dir='ltr'>indicavit.</span> <span class='ocrx_word' id='word_1_161' title='bbox 264 2020 348 2081; x_wconf 82' lang='lat' dir='ltr'>Nam</span> <span class='ocrx_word' id='word_1_162' title='bbox 378 2017 573 2098; x_wconf 79' lang='lat' dir='ltr'>corporibus</span> <span class='ocrx_word' id='word_1_163' title='bbox 597 2017 674 2081; x_wconf 88' lang='lat' dir='ltr'>nibil</span> <span class='ocrx_word' id='word_1_164' title='bbox 695 2029 824 2100; x_wconf 89' lang='lat' dir='ltr'>praeter</span> <span class='ocrx_word' id='word_1_165' title='bbox 846 2032 984 2095; x_wconf 84' lang='grc' dir='ltr'>ιιιοιιιιτι,</span> <span class='ocrx_word' id='word_1_166' title='bbox 1010 2031 1143 2084; x_wconf 84' lang='lat' dir='ltr'>arrctore</span> <span class='ocrx_word' id='word_1_167' title='bbox 1164 2020 1235 2103; x_wconf 87' lang='lat' dir='ltr'>ipso</span> <span class='ocrx_word' id='word_1_168' title='bbox 1260 2018 1391 2084; x_wconf 77' lang='lat' dir='ltr'>Aristo·</span> 
     </span>
     <span class='ocr_line' id='line_1_19' title="bbox 56 2110 1390 2197; baseline -0.002 -18"><span class='ocrx_word' id='word_1_169' title='bbox 56 2112 133 2189; x_wconf 60' lang='lat' dir='ltr'>hir,</span> <span class='ocrx_word' id='word_1_170' title='bbox 158 2110 460 2194; x_wconf 84' lang='lat' dir='ltr'>acciderepotest,</span> <span class='ocrx_word' id='word_1_171' title='bbox 485 2122 519 2174; x_wconf 91' lang='lat' dir='ltr'>ut</span> <span class='ocrx_word' id='word_1_172' title='bbox 537 2110 724 2194; x_wconf 80' lang='lat' dir='ltr'>philosophi</span> <span class='ocrx_word' id='word_1_173' title='bbox 741 2112 837 2175; x_wconf 87' lang='lat' dir='ltr'>certis</span> <span class='ocrx_word' id='word_1_174' title='bbox 860 2114 1057 2197; x_wconf 79' lang='lat' dir='ltr'>argumentis</span> <span class='ocrx_word' id='word_1_175' title='bbox 1073 2115 1304 2179; x_wconf 85' lang='lat' dir='ltr'>demonstrant.</span> <span class='ocrx_word' id='word_1_176' title='bbox 1336 2112 1390 2178; x_wconf 89' lang='lat' dir='ltr'>ln-</span> 
     </span>
     <span class='ocr_line' id='line_1_20' title="bbox 57 2203 1391 2293; baseline 0 -20"><span class='ocrx_word' id='word_1_177' title='bbox 57 2217 103 2273; x_wconf 70' lang='grc' dir='ltr'>ιιι·</span> <span class='ocrx_word' id='word_1_178' title='bbox 124 2205 347 2293; x_wconf 70' lang='lat' dir='ltr'>cogitationes</span> <span class='ocrx_word' id='word_1_179' title='bbox 370 2215 494 2279; x_wconf 77' lang='lat' dir='ltr'>aretem,</span> <span class='ocrx_word' id='word_1_180' title='bbox 518 2203 605 2268; x_wconf 83' lang='lat' dir='ltr'>ideas</span> <span class='ocrx_word' id='word_1_181' title='bbox 630 2217 693 2271; x_wconf 83' lang='lat' dir='ltr'>cet.</span> <span class='ocrx_word' id='word_1_182' title='bbox 716 2218 749 2269; x_wconf 87' lang='lat' dir='ltr'>ct</span> <span class='ocrx_word' id='word_1_183' title='bbox 771 2217 892 2268; x_wconf 90' lang='grc' dir='ltr'>ιιιοιιιιιι</span> <span class='ocrx_word' id='word_1_184' title='bbox 915 2207 1001 2270; x_wconf 85' lang='lat' dir='ltr'>nulla</span> <span class='ocrx_word' id='word_1_185' title='bbox 1023 2207 1196 2271; x_wconf 87' lang='lat' dir='ltr'>similitudo</span> <span class='ocrx_word' id='word_1_186' title='bbox 1219 2219 1280 2272; x_wconf 86' lang='lat' dir='ltr'>est.</span> <span class='ocrx_word' id='word_1_187' title='bbox 1323 2209 1391 2273; x_wconf 85' lang='lat' dir='ltr'>ltn-</span> 
     </span>
     <span class='ocr_line' id='line_1_21' title="bbox 56 2298 1390 2387; baseline 0 -22"><span class='ocrx_word' id='word_1_188' title='bbox 56 2322 115 2387; x_wconf 81' lang='lat' dir='ltr'>qaa</span> <span class='ocrx_word' id='word_1_189' title='bbox 136 2302 183 2366; x_wconf 77' lang='lat'>1..</span> <span class='ocrx_word' id='word_1_190' title='bbox 209 2302 242 2366; x_wconf 90' lang='grc'>1.</span> <span class='ocrx_word' id='word_1_191' title='bbox 267 2302 306 2366; x_wconf 84' lang='lat' dir='ltr'>de</span> <span class='ocrx_word' id='word_1_192' title='bbox 329 2299 449 2374; x_wconf 76' lang='lat' dir='ltr'>anima,</span> <span class='ocrx_word' id='word_1_193' title='bbox 473 2300 506 2362; x_wconf 91' lang='lat' dir='ltr'>in</span> <span class='ocrx_word' id='word_1_194' title='bbox 528 2320 594 2384; x_wconf 79' lang='lat' dir='ltr'>quio</span> <span class='ocrx_word' id='word_1_195' title='bbox 617 2298 788 2382; x_wconf 86' lang='lat' dir='ltr'>opiniones</span> <span class='ocrx_word' id='word_1_196' title='bbox 809 2299 944 2363; x_wconf 89' lang='lat' dir='ltr'>aliorum</span> <span class='ocrx_word' id='word_1_197' title='bbox 966 2302 1006 2364; x_wconf 85' lang='lat' dir='ltr'>de</span> <span class='ocrx_word' id='word_1_198' title='bbox 1027 2300 1129 2365; x_wconf 80' lang='lat' dir='ltr'>anicia</span> <span class='ocrx_word' id='word_1_199' title='bbox 1152 2312 1334 2377; x_wconf 84' lang='lat' dir='ltr'>enumerat,</span> <span class='ocrx_word' id='word_1_200' title='bbox 1358 2320 1390 2365; x_wconf 81' lang='lat' dir='ltr'>e.</span> 
     </span>
     <span class='ocr_line' id='line_1_22' title="bbox 56 2393 1389 2482; baseline 0.002 -24"><span class='ocrx_word' id='word_1_201' title='bbox 56 2394 86 2459; x_wconf 72' lang='lat' dir='ltr'>d.</span> <span class='ocrx_word' id='word_1_202' title='bbox 111 2395 184 2461; x_wconf 77' lang='lat' dir='ltr'>init.</span> <span class='ocrx_word' id='word_1_203' title='bbox 219 2394 341 2461; x_wconf 76' lang='lat' dir='ltr'>dianrte</span> <span class='ocrx_word' id='word_1_204' title='bbox 373 2393 442 2459; x_wconf 84' lang='lat' dir='ltr'>nit:</span> <span class='ocrx_word' id='word_1_205' title='bbox 479 2394 517 2460; x_wconf 73' lang='grc' dir='ltr'>ἓν</span> <span class='ocrx_word' id='word_1_206' title='bbox 537 2421 567 2459; x_wconf 89' lang='grc' dir='ltr'>τι</span> <span class='ocrx_word' id='word_1_207' title='bbox 596 2398 659 2459; x_wconf 75' lang='grc' dir='ltr'>τόν</span> <span class='ocrx_word' id='word_1_208' title='bbox 674 2394 863 2470; x_wconf 80' lang='grc' dir='ltr'>ἀδυνάτων,</span> <span class='ocrx_word' id='word_1_209' title='bbox 899 2395 937 2460; x_wconf 86' lang='grc' dir='ltr'>τὸ</span> <span class='ocrx_word' id='word_1_210' title='bbox 955 2396 1117 2481; x_wconf 71' lang='grc' dir='ltr'>ὑπάρχειν</span> <span class='ocrx_word' id='word_1_211' title='bbox 1138 2401 1232 2482; x_wconf 74' lang='grc' dir='ltr'>ψυχῇ</span> <span class='ocrx_word' id='word_1_212' title='bbox 1253 2409 1389 2475; x_wconf 71' lang='grc' dir='ltr'>κίνησιν.</span> 
     </span>
     <span class='ocr_line' id='line_1_23' title="bbox 55 2486 1391 2576; baseline -0.003 -21"><span class='ocrx_word' id='word_1_213' title='bbox 55 2490 128 2557; x_wconf 80' lang='lat' dir='ltr'>Hoc</span> <span class='ocrx_word' id='word_1_214' title='bbox 145 2489 250 2576; x_wconf 80' lang='lat' dir='ltr'>igitur</span> <span class='ocrx_word' id='word_1_215' title='bbox 273 2489 470 2564; x_wconf 87' lang='lat' dir='ltr'>constituto,</span> <span class='ocrx_word' id='word_1_216' title='bbox 494 2500 548 2564; x_wconf 90' lang='lat' dir='ltr'>ut,</span> <span class='ocrx_word' id='word_1_217' title='bbox 573 2486 724 2573; x_wconf 83' lang='lat' dir='ltr'>quoniam</span> <span class='ocrx_word' id='word_1_218' title='bbox 753 2489 893 2553; x_wconf 75' lang='lat' dir='ltr'>actiones</span> <span class='ocrx_word' id='word_1_219' title='bbox 916 2489 1037 2552; x_wconf 84' lang='lat' dir='ltr'>animae</span> <span class='ocrx_word' id='word_1_220' title='bbox 1059 2510 1123 2555; x_wconf 87' lang='lat' dir='ltr'>non</span> <span class='ocrx_word' id='word_1_221' title='bbox 1146 2500 1250 2552; x_wconf 85' lang='lat' dir='ltr'>essent</span> <span class='ocrx_word' id='word_1_222' title='bbox 1270 2510 1391 2573; x_wconf 88' lang='lat' dir='ltr'>corpo·</span> 
     </span>
     <span class='ocr_line' id='line_1_24' title="bbox 54 2576 1392 2667; baseline -0.002 -18"><span class='ocrx_word' id='word_1_223' title='bbox 54 2604 145 2659; x_wconf 81' lang='lat' dir='ltr'>rsaa,</span> <span class='ocrx_word' id='word_1_224' title='bbox 169 2604 231 2649; x_wconf 85' lang='lat' dir='ltr'>nee</span> <span class='ocrx_word' id='word_1_225' title='bbox 252 2583 324 2666; x_wconf 80' lang='lat' dir='ltr'>ipsa</span> <span class='ocrx_word' id='word_1_226' title='bbox 345 2594 468 2667; x_wconf 77' lang='lat' dir='ltr'>corpus·</span> <span class='ocrx_word' id='word_1_227' title='bbox 489 2594 589 2657; x_wconf 82' lang='lat' dir='ltr'>esset,</span> <span class='ocrx_word' id='word_1_228' title='bbox 620 2582 839 2658; x_wconf 83' lang='lat' dir='ltr'>efficiebatur,</span> <span class='ocrx_word' id='word_1_229' title='bbox 871 2595 905 2645; x_wconf 90' lang='lat' dir='ltr'>ut</span> <span class='ocrx_word' id='word_1_230' title='bbox 928 2583 1096 2666; x_wconf 88' lang='lat' dir='ltr'>proprium</span> <span class='ocrx_word' id='word_1_231' title='bbox 1119 2576 1221 2666; x_wconf 74' lang='lat' dir='ltr'>genui</span> <span class='ocrx_word' id='word_1_232' title='bbox 1242 2585 1392 2648; x_wconf 85' lang='lat' dir='ltr'>substan-</span> 
     </span>
     <span class='ocr_line' id='line_1_25' title="bbox 57 2672 1408 2761; baseline -0.001 -18"><span class='ocrx_word' id='word_1_233' title='bbox 57 2677 115 2743; x_wconf 80' lang='lat' dir='ltr'>tiae</span> <span class='ocrx_word' id='word_1_234' title='bbox 136 2672 369 2753; x_wconf 75' lang='lat' dir='ltr'>constitueret,</span> <span class='ocrx_word' id='word_1_235' title='bbox 406 2678 466 2741; x_wconf 90' lang='lat' dir='ltr'>sub</span> <span class='ocrx_word' id='word_1_236' title='bbox 491 2699 558 2761; x_wconf 83' lang='lat' dir='ltr'>quo</span> <span class='ocrx_word' id='word_1_237' title='bbox 581 2676 701 2740; x_wconf 84' lang='lat' dir='ltr'>animae</span> <span class='ocrx_word' id='word_1_238' title='bbox 725 2679 879 2740; x_wconf 85' lang='lat' dir='ltr'>humanae</span> <span class='ocrx_word' id='word_1_239' title='bbox 902 2678 1161 2754; x_wconf 82' lang='lat' dir='ltr'>continerentur,</span> <span class='ocrx_word' id='word_1_240' title='bbox 1195 2678 1286 2761; x_wconf 85' lang='lat' dir='ltr'>quod</span> <span class='ocrx_word' id='word_1_241' title='bbox 1306 2688 1408 2751; x_wconf 65' lang='lat' dir='ltr'>esset,</span> 
     </span>
     <span class='ocr_line' id='line_1_26' title="bbox 56 2771 1393 2856; baseline -0.001 -21"><span class='ocrx_word' id='word_1_242' title='bbox 56 2773 94 2835; x_wconf 79' lang='lat' dir='ltr'>ab</span> <span class='ocrx_word' id='word_1_243' title='bbox 123 2790 294 2855; x_wconf 81' lang='lat' dir='ltr'>corporeo</span> <span class='ocrx_word' id='word_1_244' title='bbox 323 2792 442 2856; x_wconf 78' lang='lat' dir='ltr'>genere</span> <span class='ocrx_word' id='word_1_245' title='bbox 469 2772 646 2836; x_wconf 88' lang='lat' dir='ltr'>seiunctum</span> <span class='ocrx_word' id='word_1_246' title='bbox 676 2785 708 2834; x_wconf 94' lang='lat' dir='ltr'>et</span> <span class='ocrx_word' id='word_1_247' title='bbox 737 2772 830 2854; x_wconf 83' lang='lat' dir='ltr'>plane</span> <span class='ocrx_word' id='word_1_248' title='bbox 859 2771 1045 2835; x_wconf 88' lang='lat' dir='ltr'>discretum.</span> <span class='ocrx_word' id='word_1_249' title='bbox 1089 2772 1166 2836; x_wconf 86' lang='lat' dir='ltr'>Hoc</span> <span class='ocrx_word' id='word_1_250' title='bbox 1192 2791 1312 2834; x_wconf 85' lang='lat' dir='ltr'>novum</span> <span class='ocrx_word' id='word_1_251' title='bbox 1335 2790 1393 2856; x_wconf 74' lang='lat' dir='ltr'>ge·</span> 
     </span>
     <span class='ocr_line' id='line_1_27' title="bbox 57 2864 1392 2953; baseline -0.001 -23"><span class='ocrx_word' id='word_1_252' title='bbox 57 2887 111 2930; x_wconf 82' lang='grc' dir='ltr'>ιιιτ</span> <span class='ocrx_word' id='word_1_253' title='bbox 131 2886 222 2931; x_wconf 85' lang='lat' dir='ltr'>novo</span> <span class='ocrx_word' id='word_1_254' title='bbox 247 2865 343 2929; x_wconf 83' lang='lat' dir='ltr'>etiarn</span> <span class='ocrx_word' id='word_1_255' title='bbox 368 2867 529 2931; x_wconf 84' lang='lat' dir='ltr'>vocabulo</span> <span class='ocrx_word' id='word_1_256' title='bbox 545 2873 744 2945; x_wconf 74' lang='grc' dir='ltr'>ἐντελέχειαν</span> <span class='ocrx_word' id='word_1_257' title='bbox 765 2865 956 2949; x_wconf 81' lang='lat' dir='ltr'>appellavit,-</span> <span class='ocrx_word' id='word_1_258' title='bbox 981 2868 1016 2930; x_wconf 90' lang='lat' dir='ltr'>b.</span> <span class='ocrx_word' id='word_1_259' title='bbox 1040 2888 1070 2929; x_wconf 87' lang='lat' dir='ltr'>e.</span> <span class='ocrx_word' id='word_1_260' title='bbox 1094 2865 1196 2951; x_wconf 80' lang='lat' dir='ltr'>quasi</span> <span class='ocrx_word' id='word_1_261' title='bbox 1215 2864 1392 2953; x_wconf 59' lang='lat' dir='ltr'>errandum</span> 
     </span>
     <span class='ocr_line' id='line_1_28' title="bbox 54 2959 1392 3042; baseline -0.002 -17"><span class='ocrx_word' id='word_1_262' title='bbox 54 2980 237 3042; x_wconf 63' lang='lat' dir='ltr'>paeonem</span> <span class='ocrx_word' id='word_1_263' title='bbox 274 2971 309 3023; x_wconf 85' lang='lat' dir='ltr'>et</span> <span class='ocrx_word' id='word_1_264' title='bbox 343 2962 581 3024; x_wconf 83' lang='lat' dir='ltr'>continuatam</span> <span class='ocrx_word' id='word_1_265' title='bbox 617 2959 817 3024; x_wconf 84' lang='lat' dir='ltr'>motionem.</span> <span class='ocrx_word' id='word_1_266' title='bbox 876 2962 951 3024; x_wconf 86' lang='lat' dir='ltr'>Non</span> <span class='ocrx_word' id='word_1_267' title='bbox 988 2960 1064 3023; x_wconf 90' lang='lat' dir='ltr'>dicit</span> <span class='ocrx_word' id='word_1_268' title='bbox 1097 2960 1299 3037; x_wconf 79' lang='lat' dir='ltr'>motionem,</span> <span class='ocrx_word' id='word_1_269' title='bbox 1335 2961 1392 3023; x_wconf 81' lang='lat' dir='ltr'>sed</span> 
     </span>
     <span class='ocr_line' id='line_1_29' title="bbox 57 3054 1392 3140; baseline -0.002 -22"><span class='ocrx_word' id='word_1_270' title='bbox 57 3055 154 3138; x_wconf 73' lang='lat' dir='ltr'>pusi</span> <span class='ocrx_word' id='word_1_271' title='bbox 175 3056 355 3140; x_wconf 75' lang='lat' dir='ltr'>qrwrdam</span> <span class='ocrx_word' id='word_1_272' title='bbox 376 3056 575 3120; x_wconf 85' lang='lat' dir='ltr'>motionem.</span> <span class='ocrx_word' id='word_1_273' title='bbox 621 3054 675 3118; x_wconf 90' lang='lat' dir='ltr'>Sic</span> <span class='ocrx_word' id='word_1_274' title='bbox 697 3054 847 3118; x_wconf 84' lang='lat' dir='ltr'>dicimus:</span> <span class='ocrx_word' id='word_1_275' title='bbox 870 3055 956 3118; x_wconf 87' lang='lat' dir='ltr'>ratio</span> <span class='ocrx_word' id='word_1_276' title='bbox 979 3068 1028 3118; x_wconf 90' lang='lat' dir='ltr'>est</span> <span class='ocrx_word' id='word_1_277' title='bbox 1053 3055 1141 3137; x_wconf 83' lang='lat' dir='ltr'>qtrasi</span> <span class='ocrx_word' id='word_1_278' title='bbox 1164 3058 1319 3139; x_wconf 79' lang='lat' dir='ltr'>qrraedam</span> <span class='ocrx_word' id='word_1_279' title='bbox 1335 3055 1392 3117; x_wconf 82' lang='lat' dir='ltr'>lux</span> 
     </span>
     <span class='ocr_line' id='line_1_30' title="bbox 59 3148 1391 3234; baseline -0.002 -23"><span class='ocrx_word' id='word_1_280' title='bbox 59 3149 171 3222; x_wconf 66' lang='lat' dir='ltr'>turnis</span> <span class='ocrx_word' id='word_1_281' title='bbox 205 3171 271 3214; x_wconf 93' lang='lat' dir='ltr'>non</span> <span class='ocrx_word' id='word_1_282' title='bbox 295 3151 383 3234; x_wconf 92' lang='lat' dir='ltr'>quod</span> <span class='ocrx_word' id='word_1_283' title='bbox 409 3150 464 3212; x_wconf 86' lang='lat' dir='ltr'>lux</span> <span class='ocrx_word' id='word_1_284' title='bbox 485 3150 541 3225; x_wconf 90' lang='lat' dir='ltr'>sit,</span> <span class='ocrx_word' id='word_1_285' title='bbox 574 3153 630 3212; x_wconf 87' lang='lat' dir='ltr'>scd</span> <span class='ocrx_word' id='word_1_286' title='bbox 653 3152 739 3232; x_wconf 89' lang='lat' dir='ltr'>quod</span> <span class='ocrx_word' id='word_1_287' title='bbox 765 3148 808 3211; x_wconf 88' lang='lat' dir='ltr'>ita</span> <span class='ocrx_word' id='word_1_288' title='bbox 836 3170 869 3211; x_wconf 88' lang='lat' dir='ltr'>sc</span> <span class='ocrx_word' id='word_1_289' title='bbox 897 3150 996 3211; x_wconf 85' lang='lat' dir='ltr'>habet</span> <span class='ocrx_word' id='word_1_290' title='bbox 1014 3151 1054 3211; x_wconf 88' lang='lat' dir='ltr'>ad</span> <span class='ocrx_word' id='word_1_291' title='bbox 1077 3149 1210 3211; x_wconf 86' lang='lat' dir='ltr'>animum</span> <span class='ocrx_word' id='word_1_292' title='bbox 1231 3149 1332 3229; x_wconf 88' lang='lat' dir='ltr'>ratio,</span> <span class='ocrx_word' id='word_1_293' title='bbox 1355 3158 1391 3210; x_wconf 91' lang='lat' dir='ltr'>ut</span> 
     </span>
     <span class='ocr_line' id='line_1_31' title="bbox 59 3243 1392 3327; baseline -0.002 -21"><span class='ocrx_word' id='word_1_294' title='bbox 59 3243 108 3309; x_wconf 81' lang='lat' dir='ltr'>lux</span> <span class='ocrx_word' id='word_1_295' title='bbox 135 3246 180 3309; x_wconf 78' lang='lat' dir='ltr'>ad</span> <span class='ocrx_word' id='word_1_296' title='bbox 209 3244 337 3309; x_wconf 80' lang='lat' dir='ltr'>oculos.</span> <span class='ocrx_word' id='word_1_297' title='bbox 389 3245 442 3309; x_wconf 91' lang='lat' dir='ltr'>Sic</span> <span class='ocrx_word' id='word_1_298' title='bbox 469 3259 502 3307; x_wconf 93' lang='lat' dir='ltr'>ut</span> <span class='ocrx_word' id='word_1_299' title='bbox 533 3244 633 3307; x_wconf 90' lang='lat' dir='ltr'>motio</span> <span class='ocrx_word' id='word_1_300' title='bbox 659 3266 694 3306; x_wconf 90' lang='lat' dir='ltr'>sc</span> <span class='ocrx_word' id='word_1_301' title='bbox 721 3245 817 3305; x_wconf 84' lang='lat' dir='ltr'>babet</span> <span class='ocrx_word' id='word_1_302' title='bbox 846 3246 886 3305; x_wconf 83' lang='lat' dir='ltr'>ad</span> <span class='ocrx_word' id='word_1_303' title='bbox 914 3266 1051 3327; x_wconf 83' lang='lat' dir='ltr'>corpus,</span> <span class='ocrx_word' id='word_1_304' title='bbox 1087 3245 1128 3306; x_wconf 88' lang='lat' dir='ltr'>ita</span> <span class='ocrx_word' id='word_1_305' title='bbox 1150 3250 1329 3320; x_wconf 68' lang='grc' dir='ltr'>ἐντελέχεια</span> <span class='ocrx_word' id='word_1_306' title='bbox 1352 3244 1392 3304; x_wconf 84' lang='lat' dir='ltr'>ad</span> 
     </span>
     <span class='ocr_line' id='line_1_32' title="bbox 60 3336 1391 3416; baseline 0.002 -18"><span class='ocrx_word' id='word_1_307' title='bbox 60 3336 206 3400; x_wconf 66' lang='lat' dir='ltr'>ani-ara.</span> <span class='ocrx_word' id='word_1_308' title='bbox 256 3341 358 3413; x_wconf 82' lang='lat' dir='ltr'>Narn,</span> <span class='ocrx_word' id='word_1_309' title='bbox 396 3351 430 3403; x_wconf 91' lang='lat' dir='ltr'>ut</span> <span class='ocrx_word' id='word_1_310' title='bbox 450 3341 510 3404; x_wconf 86' lang='lat' dir='ltr'>iarn</span> <span class='ocrx_word' id='word_1_311' title='bbox 534 3342 573 3401; x_wconf 80' lang='lat' dir='ltr'>ad</span> <span class='ocrx_word' id='word_1_312' title='bbox 600 3337 807 3402; x_wconf 73' lang='lat' dir='ltr'>Aristotelem</span> <span class='ocrx_word' id='word_1_313' title='bbox 835 3337 1015 3412; x_wconf 82' lang='lat' dir='ltr'>veniamus,</span> <span class='ocrx_word' id='word_1_314' title='bbox 1048 3345 1228 3416; x_wconf 76' lang='grc' dir='ltr'>ἐντελέχεια</span> <span class='ocrx_word' id='word_1_315' title='bbox 1251 3360 1292 3399; x_wconf 84' lang='lat' dir='ltr'>ex</span> <span class='ocrx_word' id='word_1_316' title='bbox 1323 3337 1391 3403; x_wconf 81' lang='lat' dir='ltr'>cius</span> 
     </span>
     <span class='ocr_line' id='line_1_33' title="bbox 60 3432 1392 3514; baseline 0 -20"><span class='ocrx_word' id='word_1_317' title='bbox 60 3445 160 3496; x_wconf 70' lang='lat' dir='ltr'>mute</span> <span class='ocrx_word' id='word_1_318' title='bbox 189 3453 255 3496; x_wconf 89' lang='lat' dir='ltr'>non</span> <span class='ocrx_word' id='word_1_319' title='bbox 282 3444 330 3496; x_wconf 87' lang='lat' dir='ltr'>est</span> <span class='ocrx_word' id='word_1_320' title='bbox 356 3433 424 3514; x_wconf 65' lang='lat' dir='ltr'>ima</span> <span class='ocrx_word' id='word_1_321' title='bbox 452 3432 571 3508; x_wconf 78' lang='lat' dir='ltr'>anima,</span> <span class='ocrx_word' id='word_1_322' title='bbox 602 3435 658 3496; x_wconf 90' lang='lat' dir='ltr'>sed</span> <span class='ocrx_word' id='word_1_323' title='bbox 679 3432 747 3496; x_wconf 89' lang='lat' dir='ltr'>cius</span> <span class='ocrx_word' id='word_1_324' title='bbox 770 3433 894 3505; x_wconf 82' lang='lat' dir='ltr'>fornia,</span> <span class='ocrx_word' id='word_1_325' title='bbox 925 3432 1101 3496; x_wconf 88' lang='lat' dir='ltr'>subiectum</span> <span class='ocrx_word' id='word_1_326' title='bbox 1130 3444 1232 3495; x_wconf 83' lang='lat' dir='ltr'>autern</span> <span class='ocrx_word' id='word_1_327' title='bbox 1262 3432 1331 3495; x_wconf 85' lang='lat' dir='ltr'>eius</span> <span class='ocrx_word' id='word_1_328' title='bbox 1359 3442 1392 3494; x_wconf 90' lang='lat' dir='ltr'>et</span> 
     </span>
     <span class='ocr_line' id='line_1_34' title="bbox 61 3526 1393 3613; baseline 0 -26"><span class='ocrx_word' id='word_1_329' title='bbox 61 3526 147 3607; x_wconf 78' lang='lat' dir='ltr'>quasi</span> <span class='ocrx_word' id='word_1_330' title='bbox 173 3528 325 3602; x_wconf 77' lang='lat' dir='ltr'>nateria,</span> <span class='ocrx_word' id='word_1_331' title='bbox 351 3529 386 3589; x_wconf 92' lang='lat' dir='ltr'>b.</span> <span class='ocrx_word' id='word_1_332' title='bbox 408 3549 439 3591; x_wconf 89' lang='lat' dir='ltr'>e.</span> <span class='ocrx_word' id='word_1_333' title='bbox 462 3530 551 3613; x_wconf 82' lang='lat' dir='ltr'>qriod</span> <span class='ocrx_word' id='word_1_334' title='bbox 572 3547 608 3590; x_wconf 91' lang='lat' dir='ltr'>se</span> <span class='ocrx_word' id='word_1_335' title='bbox 628 3529 668 3589; x_wconf 87' lang='lat' dir='ltr'>ad</span> <span class='ocrx_word' id='word_1_336' title='bbox 689 3533 887 3604; x_wconf 72' lang='grc' dir='ltr'>ἐντελέχειαν</span> <span class='ocrx_word' id='word_1_337' title='bbox 909 3527 1025 3602; x_wconf 85' lang='lat' dir='ltr'>babet,</span> <span class='ocrx_word' id='word_1_338' title='bbox 1049 3537 1085 3588; x_wconf 90' lang='lat' dir='ltr'>ut</span> <span class='ocrx_word' id='word_1_339' title='bbox 1108 3528 1146 3588; x_wconf 86' lang='lat' dir='ltr'>ad</span> <span class='ocrx_word' id='word_1_340' title='bbox 1170 3539 1289 3590; x_wconf 87' lang='lat' dir='ltr'>motum</span> <span class='ocrx_word' id='word_1_341' title='bbox 1316 3546 1393 3590; x_wconf 85' lang='lat' dir='ltr'>cor·</span> 
     </span>
     <span class='ocr_line' id='line_1_35' title="bbox 63 3618 1393 3705; baseline -0.002 -20"><span class='ocrx_word' id='word_1_342' title='bbox 63 3640 136 3698; x_wconf 73' lang='lat' dir='ltr'>pus,</span> <span class='ocrx_word' id='word_1_343' title='bbox 161 3632 211 3685; x_wconf 87' lang='lat' dir='ltr'>est</span> <span class='ocrx_word' id='word_1_344' title='bbox 234 3621 391 3704; x_wconf 65' lang='grc' dir='ltr'>(δύναμις,</span> <span class='ocrx_word' id='word_1_345' title='bbox 417 3621 466 3684; x_wconf 83' lang='lat' dir='ltr'>vis</span> <span class='ocrx_word' id='word_1_346' title='bbox 488 3619 622 3705; x_wconf 84' lang='lat' dir='ltr'>agendi,</span> <span class='ocrx_word' id='word_1_347' title='bbox 649 3622 683 3684; x_wconf 90' lang='grc' dir='ltr'><strong>1ι.</strong></span> <span class='ocrx_word' id='word_1_348' title='bbox 708 3643 737 3683; x_wconf 91' lang='lat' dir='ltr'>e.</span> <span class='ocrx_word' id='word_1_349' title='bbox 762 3619 976 3703; x_wconf 79' lang='lat' dir='ltr'>percipiendi,</span> <span class='ocrx_word' id='word_1_350' title='bbox 1001 3619 1176 3705; x_wconf 81' lang='lat' dir='ltr'>cogitandi.</span> <span class='ocrx_word' id='word_1_351' title='bbox 1215 3618 1393 3684; x_wconf 76' lang='lat' dir='ltr'>Videamus</span> 
     </span>
     <span class='ocr_line' id='line_1_36' title="bbox 65 3713 1392 3791; baseline 0.002 -15"><span class='ocrx_word' id='word_1_352' title='bbox 65 3714 126 3778; x_wconf 81' lang='lat' dir='ltr'>eins</span> <span class='ocrx_word' id='word_1_353' title='bbox 149 3718 250 3781; x_wconf 81' lang='lat' dir='ltr'>rerba</span> <span class='ocrx_word' id='word_1_354' title='bbox 273 3717 317 3779; x_wconf 88' lang='lat' dir='ltr'>L.</span> <span class='ocrx_word' id='word_1_355' title='bbox 341 3715 624 3779; x_wconf 77' lang='lat' dir='ltr'>11.‹1eanimac.</span> <span class='ocrx_word' id='word_1_356' title='bbox 650 3721 681 3778; x_wconf 89' lang='lat'>1.</span> <span class='ocrx_word' id='word_1_357' title='bbox 729 3716 765 3778; x_wconf 95' lang='lat' dir='ltr'>ln</span> <span class='ocrx_word' id='word_1_358' title='bbox 788 3715 874 3779; x_wconf 90' lang='lat' dir='ltr'>omni</span> <span class='ocrx_word' id='word_1_359' title='bbox 897 3736 932 3777; x_wconf 91' lang='lat' dir='ltr'>re</span> <span class='ocrx_word' id='word_1_360' title='bbox 950 3713 1009 3777; x_wconf 87' lang='lat' dir='ltr'>tria</span> <span class='ocrx_word' id='word_1_361' title='bbox 1030 3734 1099 3777; x_wconf 86' lang='lat' dir='ltr'>esse</span> <span class='ocrx_word' id='word_1_362' title='bbox 1122 3713 1267 3789; x_wconf 81' lang='lat' dir='ltr'>dixerat,</span> <span class='ocrx_word' id='word_1_363' title='bbox 1290 3713 1392 3791; x_wconf 78' lang='grc' dir='ltr'>ὕλην,</span> 
     </span>
     <span class='ocr_line' id='line_1_37' title="bbox 67 3809 1473 3895; baseline 0.003 -24"><span class='ocrx_word' id='word_1_364' title='bbox 67 3811 210 3895; x_wconf 58' lang='lat' dir='ltr'>coponis,</span> <span class='ocrx_word' id='word_1_365' title='bbox 235 3814 256 3888; x_wconf 82' lang='grc' dir='ltr'><em>ἤ</em></span> <span class='ocrx_word' id='word_1_366' title='bbox 278 3810 378 3885; x_wconf 69' lang='grc' dir='ltr'>εἶδος,</span> <span class='ocrx_word' id='word_1_367' title='bbox 401 3821 433 3873; x_wconf 95' lang='lat' dir='ltr'>et</span> <span class='ocrx_word' id='word_1_368' title='bbox 457 3812 492 3876; x_wconf 89' lang='grc' dir='ltr'>τὸ</span> <span class='ocrx_word' id='word_1_369' title='bbox 517 3821 553 3876; x_wconf 79' lang='grc' dir='ltr'>ἐκ</span> <span class='ocrx_word' id='word_1_370' title='bbox 579 3811 706 3876; x_wconf 76' lang='grc' dir='ltr'>τούτων.</span> <span class='ocrx_word' id='word_1_371' title='bbox 754 3811 828 3873; x_wconf 86' lang='lat' dir='ltr'>Hoc</span> <span class='ocrx_word' id='word_1_372' title='bbox 852 3812 891 3871; x_wconf 89' lang='lat' dir='ltr'>ad</span> <span class='ocrx_word' id='word_1_373' title='bbox 906 3809 1040 3872; x_wconf 83' lang='lat' dir='ltr'>animuin</span> <span class='ocrx_word' id='word_1_374' title='bbox 1061 3809 1106 3872; x_wconf 88' lang='lat' dir='ltr'>sie</span> <span class='ocrx_word' id='word_1_375' title='bbox 1121 3809 1297 3872; x_wconf 76' lang='lat' dir='ltr'>transfert:</span> <span class='ocrx_word' id='word_1_376' title='bbox 1321 3815 1391 3875; x_wconf 75' lang='lat' dir='ltr'>sort</span> <span class='ocrx_word' id='word_1_377' title='bbox 1465 3856 1473 3879; x_wconf 83' lang='grc'>.</span> 
     </span>
     <span class='ocr_line' id='line_1_38' title="bbox 66 3899 1391 3988; baseline -0.006 -19"><span class='ocrx_word' id='word_1_378' title='bbox 66 3908 131 3983; x_wconf 73' lang='grc' dir='ltr'>1ὲῆ</span> <span class='ocrx_word' id='word_1_379' title='bbox 147 3917 211 3988; x_wconf 70' lang='grc' dir='ltr'>μιν</span> <span class='ocrx_word' id='word_1_380' title='bbox 232 3906 292 3983; x_wconf 74' lang='grc' dir='ltr'>ὕλη</span> <span class='ocrx_word' id='word_1_381' title='bbox 318 3906 471 3988; x_wconf 77' lang='grc' dir='ltr'>δύναμις,</span> <span class='ocrx_word' id='word_1_382' title='bbox 496 3906 533 3970; x_wconf 87' lang='grc' dir='ltr'>τὸ</span> <span class='ocrx_word' id='word_1_383' title='bbox 566 3910 601 3971; x_wconf 74' lang='grc' dir='ltr'>δὲ</span> <span class='ocrx_word' id='word_1_384' title='bbox 622 3905 706 3981; x_wconf 65' lang='grc' dir='ltr'>εἶδος</span> <span class='ocrx_word' id='word_1_385' title='bbox 727 3912 914 3982; x_wconf 77' lang='grc' dir='ltr'>ἐντελέχεια.</span> <span class='ocrx_word' id='word_1_386' title='bbox 971 3903 1165 3968; x_wconf 83' lang='lat' dir='ltr'>Aristoteles</span> <span class='ocrx_word' id='word_1_387' title='bbox 1187 3922 1251 3967; x_wconf 88' lang='lat' dir='ltr'>non</span> <span class='ocrx_word' id='word_1_388' title='bbox 1273 3899 1391 3964; x_wconf 86' lang='lat' dir='ltr'>diserte</span> 
     </span>
     <span class='ocr_line' id='line_1_39' title="bbox 66 3993 1392 4084; baseline -0.003 -23"><span class='ocrx_word' id='word_1_389' title='bbox 66 3997 157 4063; x_wconf 79' lang='lat' dir='ltr'>dicit:</span> <span class='ocrx_word' id='word_1_390' title='bbox 192 3999 286 4080; x_wconf 74' lang='grc' dir='ltr'>ψυχή</span> <span class='ocrx_word' id='word_1_391' title='bbox 317 4010 407 4065; x_wconf 78' lang='grc' dir='ltr'>ἐστιν</span> <span class='ocrx_word' id='word_1_392' title='bbox 440 4007 626 4078; x_wconf 76' lang='grc' dir='ltr'>ἐντελέχεια.</span> <span class='ocrx_word' id='word_1_393' title='bbox 684 4002 800 4084; x_wconf 86' lang='lat' dir='ltr'>Neque</span> <span class='ocrx_word' id='word_1_394' title='bbox 830 4011 934 4061; x_wconf 82' lang='lat' dir='ltr'>tamen</span> <span class='ocrx_word' id='word_1_395' title='bbox 959 3996 1077 4063; x_wconf 85' lang='lat' dir='ltr'>Cicero</span> <span class='ocrx_word' id='word_1_396' title='bbox 1103 4008 1238 4080; x_wconf 88' lang='lat' dir='ltr'>peccat,</span> <span class='ocrx_word' id='word_1_397' title='bbox 1274 3993 1303 4057; x_wconf 89' lang='lat' dir='ltr'>ei</span> <span class='ocrx_word' id='word_1_398' title='bbox 1327 3995 1392 4057; x_wconf 88' lang='lat' dir='ltr'>boo</span> 
     </span>
     <span class='ocr_line' id='line_1_40' title="bbox 67 4087 1392 4176; baseline -0.002 -24"><span class='ocrx_word' id='word_1_399' title='bbox 67 4092 255 4157; x_wconf 78' lang='lat' dir='ltr'>enuntiatum</span> <span class='ocrx_word' id='word_1_400' title='bbox 282 4094 440 4157; x_wconf 82' lang='lat' dir='ltr'>tribuens.</span> <span class='ocrx_word' id='word_1_401' title='bbox 492 4096 574 4156; x_wconf 85' lang='lat' dir='ltr'>Nam</span> <span class='ocrx_word' id='word_1_402' title='bbox 603 4115 655 4157; x_wconf 90' lang='lat' dir='ltr'>res</span> <span class='ocrx_word' id='word_1_403' title='bbox 684 4116 701 4156; x_wconf 77' lang='lat' dir='ltr'>a</span> <span class='ocrx_word' id='word_1_404' title='bbox 733 4093 837 4158; x_wconf 86' lang='lat' dir='ltr'>lorma</span> <span class='ocrx_word' id='word_1_405' title='bbox 862 4113 937 4169; x_wconf 83' lang='lat' dir='ltr'>sun,</span> <span class='ocrx_word' id='word_1_406' title='bbox 973 4113 1035 4176; x_wconf 82' lang='lat' dir='ltr'>qua</span> <span class='ocrx_word' id='word_1_407' title='bbox 1062 4093 1101 4154; x_wconf 87' lang='lat' dir='ltr'>ab</span> <span class='ocrx_word' id='word_1_408' title='bbox 1128 4090 1197 4154; x_wconf 85' lang='lat' dir='ltr'>aliis</span> <span class='ocrx_word' id='word_1_409' title='bbox 1222 4088 1318 4151; x_wconf 87' lang='lat' dir='ltr'>rebus</span> <span class='ocrx_word' id='word_1_410' title='bbox 1343 4087 1392 4150; x_wconf 92' lang='lat' dir='ltr'>di·</span> 
     </span>
     <span class='ocr_line' id='line_1_41' title="bbox 67 4182 1392 4273; baseline -0.006 -22"><span class='ocrx_word' id='word_1_411' title='bbox 67 4187 268 4273; x_wconf 73' lang='lat' dir='ltr'>stinguuntur</span> <span class='ocrx_word' id='word_1_412' title='bbox 291 4189 444 4264; x_wconf 81' lang='lat' dir='ltr'>maxime,</span> <span class='ocrx_word' id='word_1_413' title='bbox 470 4188 625 4271; x_wconf 86' lang='lat' dir='ltr'>appellari</span> <span class='ocrx_word' id='word_1_414' title='bbox 651 4190 680 4252; x_wconf 91' lang='lat' dir='ltr'>in</span> <span class='ocrx_word' id='word_1_415' title='bbox 703 4187 849 4253; x_wconf 87' lang='lat' dir='ltr'>omnibus</span> <span class='ocrx_word' id='word_1_416' title='bbox 872 4187 1008 4270; x_wconf 85' lang='lat' dir='ltr'>linguis,</span> <span class='ocrx_word' id='word_1_417' title='bbox 1034 4187 1183 4250; x_wconf 77' lang='lat' dir='ltr'>usitatum</span> <span class='ocrx_word' id='word_1_418' title='bbox 1207 4194 1266 4246; x_wconf 88' lang='lat' dir='ltr'>est.</span> <span class='ocrx_word' id='word_1_419' title='bbox 1301 4182 1392 4244; x_wconf 79' lang='lat' dir='ltr'>Haec</span> 
     </span>
     <span class='ocr_line' id='line_1_42' title="bbox 69 4274 1394 4366; baseline -0.002 -24"><span class='ocrx_word' id='word_1_420' title='bbox 69 4294 107 4344; x_wconf 79' lang='lat' dir='ltr'>est</span> <span class='ocrx_word' id='word_1_421' title='bbox 128 4303 199 4346; x_wconf 86' lang='lat' dir='ltr'>mea</span> <span class='ocrx_word' id='word_1_422' title='bbox 222 4284 261 4345; x_wconf 90' lang='lat' dir='ltr'>de</span> <span class='ocrx_word' id='word_1_423' title='bbox 287 4283 351 4346; x_wconf 86' lang='lat' dir='ltr'>boc</span> <span class='ocrx_word' id='word_1_424' title='bbox 372 4284 473 4347; x_wconf 82' lang='lat' dir='ltr'>verbo</span> <span class='ocrx_word' id='word_1_425' title='bbox 489 4282 662 4359; x_wconf 89' lang='lat' dir='ltr'>sententia,</span> <span class='ocrx_word' id='word_1_426' title='bbox 687 4304 780 4366; x_wconf 90' lang='lat' dir='ltr'>quam</span> <span class='ocrx_word' id='word_1_427' title='bbox 808 4303 848 4344; x_wconf 85' lang='lat' dir='ltr'>ex</span> <span class='ocrx_word' id='word_1_428' title='bbox 870 4293 961 4364; x_wconf 86' lang='lat' dir='ltr'>parte</span> <span class='ocrx_word' id='word_1_429' title='bbox 984 4281 1062 4344; x_wconf 87' lang='lat' dir='ltr'>vidit</span> <span class='ocrx_word' id='word_1_430' title='bbox 1082 4279 1177 4344; x_wconf 81' lang='lat' dir='ltr'>etiam</span> <span class='ocrx_word' id='word_1_431' title='bbox 1202 4274 1394 4340; x_wconf 83' lang='lat' dir='ltr'>Leibuitius.</span> 
     </span>
     <span class='ocr_line' id='line_1_43' title="bbox 71 4370 1395 4459; baseline -0.006 -17"><span class='ocrx_word' id='word_1_432' title='bbox 71 4396 96 4439; x_wconf 82' lang='grc' dir='ltr'>ι.</span> <span class='ocrx_word' id='word_1_433' title='bbox 117 4378 252 4442; x_wconf 78' lang='grc' dir='ltr'>ΤΙιεοά.</span> <span class='ocrx_word' id='word_1_434' title='bbox 273 4379 315 4441; x_wconf 88' lang='lat' dir='ltr'>L.</span> <span class='ocrx_word' id='word_1_435' title='bbox 339 4377 369 4440; x_wconf 91' lang='lat' dir='ltr'>l.</span> <span class='ocrx_word' id='word_1_436' title='bbox 393 4378 410 4455; x_wconf 83' lang='lat'>§</span> <span class='ocrx_word' id='word_1_437' title='bbox 435 4376 486 4439; x_wconf 79' lang='lat'>78.</span> <span class='ocrx_word' id='word_1_438' title='bbox 542 4377 641 4458; x_wconf 83' lang='lat' dir='ltr'>Quod</span> <span class='ocrx_word' id='word_1_439' title='bbox 663 4376 813 4441; x_wconf 85' lang='lat' dir='ltr'>Davisius</span> <span class='ocrx_word' id='word_1_440' title='bbox 839 4387 928 4459; x_wconf 81' lang='lat' dir='ltr'>putat</span> <span class='ocrx_word' id='word_1_441' title='bbox 950 4375 1043 4436; x_wconf 81' lang='lat' dir='ltr'>adh.</span> <span class='ocrx_word' id='word_1_442' title='bbox 1065 4377 1087 4436; x_wconf 94' lang='lat' dir='ltr'>l.</span> <span class='ocrx_word' id='word_1_443' title='bbox 1112 4371 1244 4435; x_wconf 83' lang='lat' dir='ltr'>animaru</span> <span class='ocrx_word' id='word_1_444' title='bbox 1265 4370 1395 4434; x_wconf 75' lang='lat' dir='ltr'>Aristo·</span> 
     </span>
     <span class='ocr_line' id='line_1_44' title="bbox 72 4462 1391 4556; baseline -0.004 -25"><span class='ocrx_word' id='word_1_445' title='bbox 72 4470 115 4534; x_wconf 82' lang='lat' dir='ltr'>teli</span> <span class='ocrx_word' id='word_1_446' title='bbox 139 4493 212 4535; x_wconf 86' lang='lat' dir='ltr'>esse</span> <span class='ocrx_word' id='word_1_447' title='bbox 236 4471 374 4534; x_wconf 83' lang='lat' dir='ltr'>formam</span> <span class='ocrx_word' id='word_1_448' title='bbox 397 4469 565 4551; x_wconf 90' lang='lat' dir='ltr'>corporis,</span> <span class='ocrx_word' id='word_1_449' title='bbox 590 4492 672 4556; x_wconf 81' lang='lat' dir='ltr'>quae</span> <span class='ocrx_word' id='word_1_450' title='bbox 694 4492 761 4533; x_wconf 84' lang='lat' dir='ltr'>cam</span> <span class='ocrx_word' id='word_1_451' title='bbox 778 4470 909 4545; x_wconf 80' lang='lat' dir='ltr'>ariimct,</span> <span class='ocrx_word' id='word_1_452' title='bbox 934 4477 1033 4530; x_wconf 79' lang='lat' dir='ltr'>errat.</span> <span class='ocrx_word' id='word_1_453' title='bbox 1052 4468 1161 4533; x_wconf 63' lang='lat' dir='ltr'>sNarn</span> <span class='ocrx_word' id='word_1_454' title='bbox 1177 4468 1254 4527; x_wconf 85' lang='lat' dir='ltr'>haec</span> <span class='ocrx_word' id='word_1_455' title='bbox 1274 4462 1391 4527; x_wconf 84' lang='lat' dir='ltr'>Dicae·</span> 
     </span>
     <span class='ocr_line' id='line_1_45' title="bbox 74 4558 1395 4648; baseline -0.007 -17"><span class='ocrx_word' id='word_1_456' title='bbox 74 4567 151 4631; x_wconf 70' lang='lat' dir='ltr'>aeni</span> <span class='ocrx_word' id='word_1_457' title='bbox 166 4577 217 4629; x_wconf 85' lang='lat' dir='ltr'>est</span> <span class='ocrx_word' id='word_1_458' title='bbox 236 4564 412 4640; x_wconf 81' lang='lat' dir='ltr'>sententia,</span> <span class='ocrx_word' id='word_1_459' title='bbox 432 4586 496 4629; x_wconf 90' lang='lat' dir='ltr'>non</span> <span class='ocrx_word' id='word_1_460' title='bbox 513 4565 720 4642; x_wconf 78' lang='lat' dir='ltr'>Aristotelis,</span> <span class='ocrx_word' id='word_1_461' title='bbox 745 4586 838 4648; x_wconf 76' lang='lat' dir='ltr'>quiam</span> <span class='ocrx_word' id='word_1_462' title='bbox 856 4563 975 4627; x_wconf 91' lang='lat' dir='ltr'>Cicero</span> <span class='ocrx_word' id='word_1_463' title='bbox 995 4563 1036 4622; x_wconf 91' lang='lat' dir='ltr'>ab</span> <span class='ocrx_word' id='word_1_464' title='bbox 1051 4560 1104 4623; x_wconf 84' lang='lat' dir='ltr'>illa</span> <span class='ocrx_word' id='word_1_465' title='bbox 1124 4558 1300 4646; x_wconf 83' lang='lat' dir='ltr'>distinguit.</span> <span class='ocrx_word' id='word_1_466' title='bbox 1324 4560 1395 4623; x_wconf 86' lang='lat' dir='ltr'>Ve-</span> 
     </span>
    </p>

    <p class='ocr_par' dir='ltr' id='par_1_5' title="bbox 24 4654 1393 4837">
     <span class='ocr_line' id='line_1_46' title="bbox 24 4654 1393 4743; baseline -0.007 -17"><span class='ocrx_word' id='word_1_467' title='bbox 24 4660 29 4743; x_wconf 70' lang='grc' dir='ltr'>’ῑ</span> <span class='ocrx_word' id='word_1_468' title='bbox 77 4666 146 4725; x_wconf 79' lang='lat' dir='ltr'>ltrea</span> <span class='ocrx_word' id='word_1_469' title='bbox 173 4660 330 4743; x_wconf 83' lang='lat' dir='ltr'>prolecto</span> <span class='ocrx_word' id='word_1_470' title='bbox 360 4662 474 4725; x_wconf 85' lang='lat' dir='ltr'>codem</span> <span class='ocrx_word' id='word_1_471' title='bbox 512 4680 551 4722; x_wconf 85' lang='lat' dir='ltr'>ac</span> <span class='ocrx_word' id='word_1_472' title='bbox 581 4681 642 4724; x_wconf 87' lang='lat' dir='ltr'>nos</span> <span class='ocrx_word' id='word_1_473' title='bbox 676 4661 773 4723; x_wconf 91' lang='lat' dir='ltr'>modo</span> <span class='ocrx_word' id='word_1_474' title='bbox 809 4657 931 4739; x_wconf 86' lang='lat' dir='ltr'>cepisse</span> <span class='ocrx_word' id='word_1_475' title='bbox 964 4656 1027 4718; x_wconf 81' lang='lat' dir='ltr'>linc</span> <span class='ocrx_word' id='word_1_476' title='bbox 1061 4657 1195 4719; x_wconf 81' lang='lat' dir='ltr'>verbum</span> <span class='ocrx_word' id='word_1_477' title='bbox 1232 4654 1393 4718; x_wconf 83' lang='lat' dir='ltr'>ridentur.</span> 
     </span>
     <span class='ocr_line' id='line_1_47' title="bbox 26 4746 1393 4837; baseline -0.005 -20"><span class='ocrx_word' id='word_1_478' title='bbox 26 4746 33 4817; x_wconf 91' lang='lat' dir='ltr'>l</span> <span class='ocrx_word' id='word_1_479' title='bbox 80 4751 153 4818; x_wconf 76' lang='lat' dir='ltr'>Sext.</span> <span class='ocrx_word' id='word_1_480' title='bbox 178 4753 307 4837; x_wconf 84' lang='lat' dir='ltr'>Empir.</span> <span class='ocrx_word' id='word_1_481' title='bbox 332 4775 363 4817; x_wconf 91' lang='lat' dir='ltr'>c.</span> <span class='ocrx_word' id='word_1_482' title='bbox 388 4755 497 4817; x_wconf 85' lang='lat' dir='ltr'>Matb.</span> <span class='ocrx_word' id='word_1_483' title='bbox 520 4755 567 4817; x_wconf 88' lang='lat' dir='ltr'>X.</span> <span class='ocrx_word' id='word_1_484' title='bbox 592 4754 624 4817; x_wconf 79' lang='grc'>3.</span> <span class='ocrx_word' id='word_1_485' title='bbox 649 4754 702 4819; x_wconf 77' lang='lat' dir='ltr'>ld.</span> <span class='ocrx_word' id='word_1_486' title='bbox 735 4773 797 4836; x_wconf 90' lang='lat' dir='ltr'>pro</span> <span class='ocrx_word' id='word_1_487' title='bbox 825 4762 897 4813; x_wconf 87' lang='lat' dir='ltr'>actu</span> <span class='ocrx_word' id='word_1_488' title='bbox 919 4749 1027 4831; x_wconf 83' lang='lat' dir='ltr'>posuit</span> <span class='ocrx_word' id='word_1_489' title='bbox 1048 4762 1079 4812; x_wconf 86' lang='lat' dir='ltr'>et</span> <span class='ocrx_word' id='word_1_490' title='bbox 1100 4747 1263 4833; x_wconf 82' lang='lat' dir='ltr'>potentiae</span> <span class='ocrx_word' id='word_1_491' title='bbox 1287 4767 1393 4829; x_wconf 89' lang='lat' dir='ltr'>oppo-</span> 
     </span>
    </p>
   </div>
   <div class='ocr_carea' id='block_1_4' title="bbox 83 4843 1393 4933">
    <p class='ocr_par' dir='ltr' id='par_1_6' title="bbox 83 4843 1393 4933">
     <span class='ocr_line' id='line_1_48' title="bbox 83 4843 1393 4933; baseline -0.009 -18"><span class='ocrx_word' id='word_1_492' title='bbox 83 4846 146 4914; x_wconf 73' lang='grc' dir='ltr'>Ιίι</span> <span class='ocrx_word' id='word_1_493' title='bbox 171 4850 223 4919; x_wconf 83' lang='lat' dir='ltr'>Td</span> <span class='ocrx_word' id='word_1_494' title='bbox 246 4850 315 4917; x_wconf 73' lang='lat' dir='ltr'>sidu</span> <span class='ocrx_word' id='word_1_495' title='bbox 335 4849 420 4914; x_wconf 78' lang='grc' dir='ltr'>κατὰ</span> <span class='ocrx_word' id='word_1_496' title='bbox 444 4849 585 4933; x_wconf 77' lang='grc' dir='ltr'>δύναμιν</span> <span class='ocrx_word' id='word_1_497' title='bbox 609 4859 670 4931; x_wconf 67' lang='grc' dir='ltr'>μιν</span> <span class='ocrx_word' id='word_1_498' title='bbox 692 4846 825 4922; x_wconf 82' lang='grc' dir='ltr'>νεοσσός</span> <span class='ocrx_word' id='word_1_499' title='bbox 850 4855 938 4920; x_wconf 75' lang='grc' dir='ltr'>ἐστι,</span> <span class='ocrx_word' id='word_1_500' title='bbox 966 4847 1033 4910; x_wconf 85' lang='grc' dir='ltr'>κατ’</span> <span class='ocrx_word' id='word_1_501' title='bbox 1061 4852 1258 4925; x_wconf 72' lang='grc' dir='ltr'>ἐντελέχειαν</span> <span class='ocrx_word' id='word_1_502' title='bbox 1274 4847 1309 4908; x_wconf 72' lang='grc' dir='ltr'>δὲ</span> <span class='ocrx_word' id='word_1_503' title='bbox 1333 4843 1393 4905; x_wconf 76' lang='lat' dir='ltr'>odie</span> 
     </span>
    </p>
   </div>
   <div class='ocr_carea' id='block_1_5' title="bbox 0 0 1618 5318">
    <p class='ocr_par' dir='ltr' id='par_1_7' title="bbox 0 0 1618 5318">
     <span class='ocr_line' id='line_1_49' title="bbox 0 0 1618 5318; baseline 0 0"><span class='ocrx_word' id='word_1_504' title='bbox 0 0 1618 5318; x_wconf 95' lang='lat' dir='ltr'> </span> 
     </span>
    </p>
   </div>
  </div>
 </body>
</html>
