3202 5318
137 295 200 360 tto
616 286 767 357 INDEX
789 280 970 356 LEGUM.

135 436 270 511 tinsum,
288 446 322 498 ut
333 435 504 498 obscurum
516 430 571 505 sit,
588 431 818 515 relinquamus:
844 432 883 493 ad
894 429 1080 515 religionem
1093 430 1230 496 hominis
1242 443 1454 500 revertamur.

136 529 252 602 Videt,
276 528 342 592 sine
364 528 436 610 lege
457 523 593 590 crsriota
614 527 688 589 nihil
707 525 757 603 agi
776 545 834 607 per
854 524 1053 588 decemviros
1074 544 1181 606 pesse.
1225 524 1313 604 Qstid
1330 538 1456 606 postea,

135 623 164 687 si
187 644 223 687 ea
247 622 307 685 lata
330 642 394 683 non
420 618 506 683 erit?
538 620 702 685 Attendite
723 619 896 702 ingenium.
941 620 1033 683 Τιιιιι
1056 616 1084 683 ii
1106 618 1305 694 decemuiri,
1335 617 1455 703 iuquit,

134 717 253 781 eodem
274 715 351 780 iure
370 715 458 791 siut,
493 736 561 801 quo
581 716 641 800 qui
662 715 797 797 optima
817 715 903 797 lege.
948 713 982 776 Si
1012 715 1074 776 boc
1102 712 1171 776 lieri
1200 724 1328 796 potest,
1363 726 1398 777 ut
1425 715 1458 778 in

134 811 194 877 ltac
223 809 369 881 civitate,
402 830 484 892 quae
513 810 610 896 longe
639 808 708 872 iure
742 808 895 873 libertatis
925 806 1040 872 ceteris
1071 807 1251 870 civitatibus
1279 810 1456 883 antecellit,

134 901 297 986 quisquam
321 903 415 967 nullis
437 902 576 968 comitiis
597 902 761 986 imperium
787 914 839 967 ant
865 913 1053 985 potestatem
1078 903 1203 985 assequi
1227 901 1348 983 possit:
1383 905 1460 990 quid

133 998 263 1073 attinet,
296 997 392 1061 tertio
421 996 524 1079 capite
554 1000 655 1081 legem
678 997 959 1060 comtemtores
984 995 1110 1072 iubere,
1144 1016 1214 1058 cutm
1242 1008 1358 1081 quarto
1384 1018 1460 1080 per-

134 1089 256 1164 mittas,
292 1102 325 1153 nt
356 1090 424 1155 siue
451 1092 521 1168 lege
549 1093 687 1155 curiata
715 1092 794 1167 idem
823 1091 899 1154 ioris
926 1091 1077 1166 babeant,
1112 1092 1199 1172 quod
1228 1091 1398 1167 baberent,
1433 1091 1460 1154 si

134 1184 252 1266 optima
275 1184 347 1268 lege
371 1206 389 1249 a
413 1186 535 1268 populo
559 1196 666 1249 essent
688 1185 811 1249 creati?
842 1186 950 1269 Reges
971 1184 1220 1260 constituuntur,
1244 1205 1308 1250 non
1332 1188 1461 1250 decem·

136 1278 221 1353 viri,
246 1278 407 1359 Quiritesa
441 1279 547 1362 itaque
572 1283 612 1342 ab
634 1280 682 1342 his
709 1279 804 1342 initiis
825 1279 1099 1363 fundamentisque
1124 1290 1313 1356 nascuntur,
1338 1292 1371 1344 ut
1395 1301 1460 1344 non

134 1376 231 1436 modo
246 1393 316 1436 com
333 1392 449 1457 gerere
463 1373 647 1457 coeperint,
672 1376 727 1437 sed
743 1373 835 1438 etiam
851 1394 921 1436 cum
939 1372 1189 1447 constituantur,
1207 1393 1302 1438 omne
1318 1384 1460 1440 vestrum

133 1468 201 1544 ius,
225 1480 386 1550 potestas,
412 1467 604 1552 libertasque
625 1470 769 1534 tollatur.
812 1467 997 1540 Atriden,
1022 1488 1114 1552 quam
1131 1466 1300 1550 diligenter
1321 1470 1462 1534 retineat

133 1561 184 1627 ius
205 1562 394 1627 tribuniciae
412 1563 593 1643 potestatis.
639 1560 835 1628 Consulibus
855 1562 957 1647 legent
981 1561 1150 1624 curiatam
1170 1561 1349 1626 ferentibus
1365 1585 1382 1625 a
1400 1565 1463 1628 tri·

135 1657 227 1721 manis
257 1656 360 1738 plebis
390 1678 487 1739 saepe
517 1667 566 1721 est
594 1657 813 1720 intercessum.
859 1658 972 1739 Neque
1000 1667 1105 1720 tamen
1132 1676 1191 1719 uos
1223 1657 1253 1719 id
1280 1658 1459 1739 querimtoe,

133 1772 204 1816 esse
226 1753 307 1813 hanc
327 1749 526 1814 tribunorum
550 1750 650 1833 plebis
674 1761 884 1833 potestatem:
908 1751 1142 1822 tantummodo,
1165 1750 1192 1812 si
1213 1751 1284 1833 quis
1305 1772 1342 1815 ea
1366 1766 1461 1834 pote-

133 1854 214 1908 state
238 1855 358 1906 temere
380 1855 428 1907 est
452 1866 544 1919 ustis,
569 1845 796 1907 existimamus.
841 1844 907 1910 Hic
929 1844 1194 1926 tribunusplebis
1216 1846 1287 1929 lege
1308 1847 1459 1923 οιιιίαια,

4 1956 8 1965 ·
133 1959 229 2023 quam
247 1950 380 2020 praetor
400 1937 498 2013 ierat,
523 1938 628 2002 adimit
650 1938 861 2001 intercedendi
882 1950 1083 2021 potestatem.
1132 1939 1238 2022 Atque
1257 1940 1318 2002 boc
1341 1960 1412 2002 cum
1429 1942 1461 2004 iu

133 2053 175 2098 eo
198 2032 493 2114 reprehendendum
520 2045 584 2105 est,
618 2035 706 2117 quod
729 2053 788 2115 per
811 2032 969 2094 tribunum
998 2031 1101 2113 piebis
1126 2032 1294 2096 tribunicia
1317 2045 1460 2116 potestas

134 2126 300 2202 minuitur,
323 2136 388 2188 tum
412 2125 504 2189 ineo
526 2126 747 2201 deridendum,
773 2128 858 2211 quod
876 2125 1017 2201 consuli,
1041 2125 1188 2210 allegem
1205 2127 1459 2192 curiatomuon

131 2221 248 2295 babet,
281 2220 440 2305 attingere
455 2242 527 2306 rem
550 2220 714 2283 militarem
736 2242 799 2283 non
824 2221 898 2283 licet
927 2218 1100 2296 (scamina
1123 2220 1260 2283 curiata
1283 2242 1350 2284 ιιιιι
1377 2222 1459 2285 ιιιὶΙί-

134 2326 234 2376 tarem
252 2314 448 2378 continent.’'
473 2315 548 2380 Liv.
562 2315 609 2378 V.
625 2315 711 2393 52.)=
736 2315 826 2390 huic,
851 2314 906 2397 qui
924 2324 1008 2376 vetat
1023 2312 1235 2390 intercedere,
1251 2327 1453 2397 potestatem,

133 2408 225 2470 etiarn
245 2408 271 2471 si
292 2407 498 2472 intercessum
521 2408 579 2484 sit,
608 2421 712 2471 tamen
735 2411 862 2471 eandem
888 2407 1070 2482 constituit,
1102 2428 1215 2492 quam,
1239 2409 1265 2472 si
1287 2408 1351 2472 lats
1374 2421 1459 2474 esset

43 2547 46 2554 ·
133 2504 207 2567 lex:
232 2505 265 2566 itt
286 2525 350 2568 non
366 2503 557 2587 intelligam,
582 2524 682 2588 quare
702 2515 756 2566 aut
778 2503 830 2567 bic
846 2514 932 2566 vetet
952 2501 1169 2576 intercedere,
1193 2515 1246 2566 aut
1268 2524 1458 2589 quemquam

131 2597 378 2661 intercessurum
395 2608 501 2678 putet:
526 2618 595 2660 crim
610 2596 799 2660 intercessio
820 2595 982 2660 stultitiam
999 2595 1221 2660 intercessoris
1240 2597 1459 2683 significatura

132 2686 191 2765 sit,
214 2710 278 2754 non
299 2711 367 2754 rem
392 2690 612 2773 impeditura.''
646 2694 685 2754 de
712 2694 782 2765 lege
804 2712 876 2775 agr.
900 2692 946 2758 lt.
972 2693 1030 2767 lo,
1053 2690 1092 2752 26
1115 2710 1207 2776 seqq.
1231 2723 1271 2737 -
1309 2744 1326 2773 ,‚
1338 2691 1458 2756 Demus

114 2784 234 2869 ¹igitur
252 2784 417 2867 imperium
440 2786 523 2864 (scil.
546 2787 622 2868 lege
642 2785 790 2863 curiata)
813 2782 963 2850 Caesari:
987 2785 1056 2847 sine
1077 2806 1143 2871 qun
1165 2787 1217 2848 'res
1239 2782 1382 2847 militaris
1401 2788 1458 2849 ad·

39 2870 44 2879 ’
133 2878 318 2954 ministrari,
343 2878 442 2942 teneri
466 2878 643 2953 exercitus,
667 2879 783 2941 bellum
809 2879 878 2962 geri
904 2900 968 2943 uuo
992 2890 1111 2960 potest.
1155 2880 1203 2943 Sit
1225 2890 1457 2962 propraetore

133 2991 173 3037 ec
195 2972 282 3050 iure,
306 2993 371 3057 quo
395 2973 449 3056 qni
472 2972 629 3056 optisu0.''
674 2972 819 3055 Philipp.
844 2974 889 3036 V.
915 2973 969 3050 16,
996 2976 1047 3037 lb.

303 3130 457 3197 Cumara
479 3133 520 3196 de
542 3133 737 3216 adoptione.

218 3250 324 3324 „Cum
340 3253 371 3315 in
384 3254 515 3316 alienam
532 3254 681 3317 familiam
698 3255 792 3338 inque
807 3253 982 3318 liberorum
999 3255 1104 3318 luctam
1120 3254 1261 3318 extranei
1278 3265 1457 3332 sumuntur,

133 3358 187 3412 aut
215 3368 275 3429 per
298 3360 480 3429 praetorem
513 3349 547 3410 lit
579 3358 631 3410 aut
665 3370 723 3430 per
757 3349 926 3430 populum.
972 3349 1067 3429 Quod
1099 3370 1157 3432 per
1188 3362 1370 3430 praetorem
1400 3349 1454 3424 llt,

133 3442 296 3524 adoptatio
321 3441 467 3504 dicitura.
486 3445 574 3527 quod
598 3462 656 3524 per
679 3445 850 3524 populum,
884 3443 1061 3524 arrogatio.
1107 3447 1313 3526 adoptamur
1338 3455 1455 3520 autem,

133 3558 202 3599 cum
234 3558 251 3598 a
284 3549 432 3617 parente,
471 3554 500 3598 tn
531 3537 619 3599 cuius
647 3549 803 3617 potestate
830 3546 921 3608 sunt,
959 3537 1049 3599 tertia
1076 3537 1306 3620 mancipatione
1329 3538 1361 3601 iu
1388 3541 1456 3602 iure

132 3633 303 3705 ceduntur,
328 3640 423 3712 atque
441 3632 481 3692 ab
503 3649 561 3705 eo,
587 3631 641 3714 qni
661 3634 811 3712 adoptat,
837 3633 919 3711 apud
941 3652 1030 3711 esini,
1055 3635 1137 3713 apud
1155 3655 1247 3714 quem
1267 3631 1348 3717 legis
1370 3633 1457 3695 actio

133 3736 199 3802 est,
225 3725 435 3788 vindicantur.
482 3731 689 3810 derogantur
715 3727 753 3801 ii,
778 3727 850 3809 qui,
881 3746 950 3786 cum
974 3729 1020 3788 sui
1048 3727 1123 3790 iuris
1148 3739 1237 3804 sunt,
1269 3725 1300 3789 in
1325 3725 1455 3789 alienam

132 3826 203 3883 ses'e
223 3831 411 3901 potestatem
440 3822 587 3884 traduntt
625 3823 754 3905 eiusque
776 3826 822 3884 rei
845 3822 904 3905 ipsi
925 3831 1071 3885 auctores
1097 3822 1189 3885 liunt.
1237 3823 1298 3884 Sed
1321 3840 1457 3899 arroga-

133 3914 235 3977 tiones
260 3933 322 3975 nun
344 3925 462 3978 temere
484 3935 543 3976 uec
561 3914 761 3994 inexplorate
781 3919 1031 3979 committuntur.
1075 3918 1155 3978 Nam
1178 3916 1303 3979 comitia
1328 3914 1458 3978 arbitris

133 4007 338 4090 pontificibus
360 4011 571 4089 praebentur,
605 4027 685 4091 quae
707 4010 843 4072 curiata
866 4011 1084 4092 appellantur,
1115 4021 1200 4072 aetas
1222 4030 1353 4094 quoque
1375 4009 1456 4084 eius,

134 4102 187 4187 qtti
208 4116 365 4188 arrstgare
386 4103 472 4175 volt,
498 4122 537 4164 an
558 4102 665 4164 liberis
688 4104 794 4183 potius
811 4103 979 4189 gignundis
1001 4105 1113 4168 idonea
1136 4105 1193 4178 sit,
1219 4107 1368 4187 bonaque
1390 4104 1457 4166 eius

133 4196 186 4281 qui
210 4206 383 4280 arrogatur
405 4218 445 4259 ne
461 4196 610 4259 insidiose
635 4199 773 4278 appetita
796 4199 877 4273 sint,
903 4201 1140 4262 consideratur:
1163 4197 1275 4280 iusque
1289 4197 1457 4259 iurandum

133 4310 149 4352 a
181 4290 224 4370 Q.
254 4291 368 4354 Mucio
396 4290 548 4372 pontifice
572 4291 708 4354 maximo
734 4304 923 4372 conceptum
946 4292 1077 4364 dicitur,
1110 4294 1247 4371 quindiu
1273 4295 1458 4377 arrogando

132 4383 302 4447 iuraretur.
346 4387 409 4448 Sed
424 4385 570 4469 arrogari
587 4406 649 4447 non
666 4394 771 4464 potest
789 4386 847 4449 nisi
864 4386 924 4449 iaus
941 4387 1110 4468 vesticeps.
1157 4386 1336 4470 Aruogatio
1353 4398 1456 4448 autent

134 4477 237 4550 dicta,
271 4479 343 4562 quia
367 4500 465 4563 genus
490 4480 553 4543 hoc
575 4478 607 4541 in
635 4481 764 4542 alienam
786 4480 935 4543 familiam
964 4482 1111 4543 transitus
1137 4500 1195 4562 per
1220 4480 1332 4562 populi
1358 4500 1458 4563 roga·

134 4569 252 4633 tinnent
276 4572 322 4635 lit.
372 4573 451 4637 Eius
473 4574 651 4656 rogationis
674 4578 774 4638 verba
797 4577 873 4639 baec
895 4586 985 4638 stante
1022 4576 1167 4638 Ventris
1191 4592 1363 4648 tunsurus,
1399 4596 1458 4637 urs

134 4663 259 4725 Luctus
282 4665 454 4729 Vacemus
476 4669 584 4732 Lucro
607 4670 712 4733 Τιτιο
735 4690 809 4733 rsus
831 4690 906 4731 suna
929 4688 1080 4742 nuosoun
1102 4690 1208 4733 rietus
1237 4688 1328 4745 asar,
1362 4688 1457 4743 nuans

133 4775 163 4819 ιι
179 4774 224 4819 stt
238 4777 281 4821 nn
295 4778 399 4821 earne
414 4778 593 4836 naresque
609 4782 769 4826 sanantes
790 4784 861 4827 ntus
884 4782 987 4825 nanus
1010 4782 1126 4838 assur,
1150 4782 1271 4839 urique
1294 4782 1329 4827 cs
1353 4778 1454 4827 strae
