3202 5318
214 317 277 385 336
744 306 1007 375 nnALttcTtt

298 457 486 523 Extremum
508 452 615 516 locum
637 448 669 514 in
689 449 799 515 codice
817 446 1154 537 lugduno-Batavo,
1178 445 1266 511 utin
1288 446 1435 514 editione
1457 449 1543 533 prin-

214 551 306 635 cipe,
332 547 475 614 obtinent
492 541 709 610 commentarii
723 545 754 606 in
769 542 1004 609 Divinationem
1024 542 1055 605 in
1075 538 1250 607 Caecilium
1271 551 1304 605 st
1320 541 1351 606 in
1373 542 1544 609 Verrinss·

213 644 346 711 Servari
368 638 565 725 oportuisset
585 637 645 702 iste
668 639 769 703 ordo:
804 637 846 700 ita
870 637 1013 701 fortasse
1035 655 1100 699 non
1126 634 1321 717 accidisset,
1340 640 1435 722 quod
1463 660 1544 702 nunc

212 730 331 805 ficuum
360 736 522 810 dolemus,
557 743 592 796 nt
624 731 744 796 maiore
774 752 845 795 cum
875 752 950 795 curs
979 752 997 793 a
1027 729 1105 793 viris
1131 730 1235 793 doctis
1261 729 1296 794 hi
1322 731 1545 797 commentarii

213 843 442 905 tractarentur,
481 848 574 912 qnam
605 826 651 890 illi
682 848 762 911 quos
793 827 943 889 hactemus
974 824 1189 915 excussimus,
1222 825 1416 908 qudsuscnm
1453 847 1543 901 sane,

213 925 366 1010 quidquid
388 925 512 986 tandem
538 924 579 985 de
601 920 640 985 iis
661 930 836 997 statuatur,
860 914 963 1003 n'eque
986 920 1163 1002 elegantia,
1189 939 1291 1003 neque
1314 918 1413 1002 copia
1438 942 1544 984 rerum

213 1019 296 1084 scitu
318 1016 590 1102 dignissimarum,
615 1014 682 1078 ullo
705 1017 801 1078 modo
824 1026 897 1077 sunt
917 1011 1136 1098 comparandi.
1180 1014 1286 1077 Etiam
1311 1016 1368 1076 vix
1390 1015 1467 1079 lieri
1491 1037 1546 1098 po-

213 1115 343 1187 tuisset,
369 1110 469 1175 veteri
492 1107 605 1173 ordine
615 1119 777 1184 servato,
803 1120 837 1187 ut
858 1109 1019 1192 legentes,
1045 1129 1139 1191 qutun
1162 1108 1200 1169 ad
1222 1108 1302 1169 haec
1323 1108 1453 1173 scholia
1474 1132 1546 1193 pet·-

214 1219 342 1271 veutum
366 1214 469 1278 esset,
493 1201 613 1286 prioris
635 1203 853 1267 commentarii
876 1202 1092 1266 salubritatem
1115 1223 1178 1265 non
1197 1204 1422 1285 requirerent,
1443 1225 1543 1288 neque

214 1302 520 1374 animadverterent,
545 1309 696 1380 quantum
719 1299 783 1360 hoc
805 1318 887 1379 opus
904 1298 943 1358 ab
969 1296 1044 1370 illo,
1068 1307 1139 1360 toto
1160 1316 1278 1381 genere
1294 1296 1444 1360 distaret.
1490 1296 1545 1361 tti-

215 1396 328 1460 mirum
356 1396 421 1460 hoo
443 1403 510 1468 est,
543 1388 633 1475 quod
658 1414 754 1475 qutun
784 1388 928 1474 pltiribus
952 1390 1059 1454 verbis
1083 1391 1244 1472 explicare
1269 1412 1477 1473 pararemus,
1507 1392 1544 1457 eh

214 1489 358 1557 instituto
380 1483 494 1557 deiecti
514 1506 638 1562 sumus,
672 1486 741 1549 viso
766 1484 950 1549 doctissimo
975 1483 1134 1568 Madvigii
1158 1484 1284 1559 libello,
1320 1484 1376 1569 qui
1400 1484 1444 1549 ita
1469 1488 1547 1551 hese

216 1581 434 1668 quaestionem
464 1580 631 1656 tractavit,
669 1593 703 1643 ut
736 1601 896 1662 perpauca
932 1579 1024 1643 nobis
1057 1579 1186 1642 dicenda
1217 1578 1400 1663 reliquerit.
1460 1580 1546 1660 Quae

216 1688 320 1741 tamen
342 1686 377 1737 ut
400 1672 511 1739 ordine
534 1685 566 1736 et
588 1673 660 1737 loco
680 1674 837 1749 dicamus,
864 1696 965 1758 neque
984 1673 1157 1759 quidquam
1174 1695 1232 1737 nos
1246 1675 1362 1757 fugere
1379 1672 1545 1757 patiamur,

216 1768 439 1853 disputationis
462 1780 590 1832 nostrae
614 1768 736 1851 capita,
760 1780 789 1830 et
807 1768 896 1852 quasi
914 1780 1029 1849 puncta
1046 1780 1323 1850 argumentorum,
1346 1768 1469 1852 quibus
1482 1770 1546 1835 lene

214 1861 324 1929 iisdem
346 1874 443 1949 atque
464 1861 652 1943 Madvigius
674 1863 723 1925 usi
747 1884 889 1938 oramus,
915 1861 1058 1924 breviter
1080 1862 1329 1924 recensebimus.
1354 1896 1397 1913 -·-
1421 1865 1469 1927 Et
1487 1865 1548 1948 pri·

216 1979 320 2032 mum,
343 1954 541 2021 extrinsecus
564 1958 641 2021 illud
659 1956 838 2032 adscitum,
865 1966 1083 2040 argumentum
1109 1957 1173 2019 hoc
1198 1966 1264 2030 est,
1289 1957 1411 2021 nullum
1435 1959 1547 2023 librum

217 2050 372 2134 scripturn
395 2050 658 2126 commemorari,
683 2049 715 2113 in
738 2070 804 2137 qtto
832 2050 1019 2114 scholiastae
1043 2049 1076 2111 iu
1101 2050 1258 2114 Verrinas
1282 2072 1382 2132 opus,
1406 2052 1546 2135 quodie

217 2148 289 2211 cdd.
311 2145 540 2211 recentioribus
561 2147 680 2210 sactum
703 2156 770 2221 est,
800 2155 833 2207 ut
860 2143 994 2208 Asconii
1024 2143 1214 2207 venditetur.
1259 2144 1297 2207 In
1321 2148 1398 2209 cod.
1424 2148 1470 2211 1..
1493 2148 1544 2224 B„

217 2253 252 2303 ut
272 2241 305 2304 in
327 2243 380 2305 ed.
403 2260 476 2323 pr.,
506 2252 580 2323 post
603 2238 862 2304 commentarium
886 2241 925 2300 ad
948 2259 999 2302 or.
1023 2238 1053 2300 in
1078 2240 1172 2322 Toga
1197 2237 1340 2304 Candida
1362 2238 1545 2323 simpliciter

216 2324 380 2418 sequit'ur:
414 2335 670 2418 Argumentum
698 2332 931 2396 divinationis.
979 2330 1102 2395 Contra
1130 2333 1159 2395 iu
1192 2333 1301 2397 fronte
1327 2331 1544 2400 commentarii

218 2429 257 2490 ad
279 2450 334 2491 or.
355 2426 388 2490 in
410 2426 581 2507 Pisonem,
605 2438 758 2509 utsupra
783 2427 978 2501 notavimus,
1003 2426 1138 2489 Asconii
1161 2449 1272 2491 nomen
1297 2428 1443 2510 ponitur.
1488 2428 1544 2491 Vi-

218 2523 310 2584 detur
339 2523 379 2584 ab
408 2523 468 2585 hac
486 2518 650 2605 ,orationi
671 2543 791 2586 novum
826 2521 974 2583 volumen
1006 2519 1113 2602 operis
1141 2522 1317 2587 Ascouiani
1346 2522 1543 2607 incoepisse,

218 2625 419 2700 quapropter
446 2614 585 2681 tininensi
615 2617 723 2698 operis
755 2617 879 2680 titulum
911 2614 953 2677 ibi
981 2615 1149 2691 habemus,
1181 2617 1270 2679 cuius
1297 2616 1494 2701 principium
1514 2640 1544 2682 se

218 2720 326 2773 tenere
354 2711 485 2773 credens
511 2710 659 2774 librarius
687 2710 830 2792 scripsit,
865 2721 898 2771 et
924 2708 1041 2790 primo
1063 2709 1097 2771 in
1120 2714 1162 2773 L.
1185 2711 1359 2775 Pisonem.
1406 2714 1544 2778 Alterius

218 2802 391 2867 voluminis
411 2804 596 2885 particulam
617 2806 769 2866 habemus
792 2802 1038 2867 commentarios
1063 2803 1093 2866 in
1118 2804 1363 2879 Corneliauam,
1388 2820 1420 2869 et
1443 2809 1544 2871 inor.

218 2896 248 2959 in
274 2899 364 2980 Tog.
387 2894 514 2963 Cand.:
540 2920 633 2982 quam
659 2898 776 2960 veteris
804 2897 997 2981 autographi
1020 2910 1142 2979 partcrn
1163 2898 1299 2962 Asconii
1322 2922 1457 2977 nomen,
1481 2903 1545 2966 lor-

218 3001 300 3052 tasse
324 2990 355 3053 in
378 3011 434 3054 ora
458 2992 645 3073 superiore,
670 3014 748 3073 prae
772 3013 806 3053 se
829 2991 937 3053 tulisse
962 2990 1054 3053 ctiam
1079 3003 1210 3054 testatus
1233 3005 1280 3055 est
1301 2993 1455 3059 librarius
1472 2996 1547 3059 scri-

219 3086 315 3146 bens:
352 3087 397 3167 Q.
420 3085 550 3148 Aesoni
572 3086 724 3151 Pediani.
770 3086 894 3167 Incipit
921 3108 989 3168 pro
1018 3087 1177 3150 Cornelio
1207 3087 1248 3149 de
1276 3089 1480 3153 Maiestate.
1509 3124 1545 3136 -

219 3175 341 3241 Deinde
366 3175 435 3259 ipsa
458 3179 537 3242 haec
559 3181 679 3243 scholia
703 3180 728 3242 si
752 3192 949 3260 spectamus,
980 3191 1011 3242 et
1036 3180 1173 3262 primum
1200 3191 1363 3243 externam
1392 3184 1543 3247 sormam:

222 3268 391 3335 Ciceronis
417 3272 488 3335 loca
512 3276 715 3355 adponuntur
742 3271 945 3343 brevissima,
981 3295 1060 3358 quae
1091 3274 1241 3358 longiora
1270 3275 1497 3341 describuntur
1516 3277 1546 3341 in

220 3384 299 3427 vero
323 3363 488 3439 Asconio,
514 3378 621 3429 notata
641 3366 733 3428 etiam
757 3364 912 3429 orationis
934 3378 1026 3448 parte
1051 3370 1130 3430 unde
1152 3380 1273 3450 sumpla
1296 3369 1374 3445 sint,
1400 3374 1454 3436 vel
1475 3370 1545 3454 ipsis

220 3457 339 3522 codicis
361 3456 567 3522 ciceroniani
591 3462 751 3534 versibus,
777 3462 816 3522 ad
838 3481 919 3541 quos
943 3462 1383 3545 commentariuspertineat,
1417 3474 1544 3530 numero

221 3550 407 3635 designatis.
454 3553 651 3637 Quamquam
680 3554 828 3616 deficiunt
851 3553 923 3616 illae
947 3567 1040 3618 notae
1062 3556 1094 3618 in
1116 3561 1343 3622 commentario
1364 3562 1406 3621 ad
1426 3559 1547 3626 Corne-

219 3646 333 3709 lianam
362 3656 527 3723 extremo,
564 3659 595 3709 ct
623 3651 662 3710 ad
693 3670 744 3710 or.
770 3648 799 3709 in
829 3650 918 3733 Tog.
943 3647 1047 3712 Cand.
1072 3650 1244 3714 universo:
1280 3654 1369 3736 quod
1394 3674 1460 3719 non
1481 3676 1546 3717 cum

220 3739 413 3825 Madvigio,
439 3739 472 3802 in
495 3752 565 3803 not.
590 3744 629 3804 ad
652 3763 728 3824 pag.
752 3742 810 3817 tto,
844 3743 975 3841 Poggio
1001 3743 1164 3807 tribuerim
1189 3744 1365 3821 festinanti,
1401 3748 1549 3813 velotius

221 3834 360 3899 cuiusvis
376 3833 609 3919 negligentiae;
633 3838 690 3898 scd
706 3837 824 3898 lactum
844 3849 940 3918 puto,
966 3838 1065 3922 magis
1085 3850 1294 3903 evanescente
1313 3838 1345 3903 iu
1364 3839 1419 3904 illa
1439 3842 1550 3907 vetusti

221 3927 340 3993 codicis
366 3940 460 4013 parte
490 3927 605 4003 minio,
643 3950 707 4013 quo
737 3929 807 3992 illae
840 3931 1130 4012 superscriptiones
1161 3932 1251 4017 pingi
1284 3936 1444 4006 solebant.
1499 3938 1548 4001 Ex

221 4024 329 4086 eadem
348 4043 442 4085 causa
465 4021 496 4085 in
519 4044 553 4085 ea
578 4035 669 4105 parte
687 4023 760 4086 libri
778 4024 897 4086 litteras
921 4046 1144 4110 nonnunquam
1162 4026 1325 4091 evanuisse
1345 4030 1375 4091 in
1393 4030 1549 4114 principio

221 4116 368 4179 locorum
397 4115 704 4192 Ciceronianorum,
738 4119 847 4200 prodit
875 4122 977 4182 codex
1001 4121 1044 4182 L.
1069 4121 1129 4195 B.;
1161 4121 1215 4204 qui
1241 4120 1273 4183 in
1300 4122 1408 4204 primo
1436 4127 1547 4191 hortun

221 4208 388 4285 locorum,
412 4209 444 4272 in
467 4213 604 4274 secunda
625 4210 836 4288 Corneliana,
861 4213 915 4275 ubi
942 4212 1061 4296 legitur
1083 4235 1182 4290 neem,
1207 4216 1302 4279 hahet
1323 4238 1422 4295 esem,
1450 4220 1549 4303 prima

222 4301 328 4365 littera
351 4304 391 4367 ab
416 4305 476 4367 alia
497 4326 588 4367 manu
614 4306 792 4388 adscripta,
817 4328 1004 4391 quiunquam
1028 4308 1167 4370 additum
1195 4322 1242 4372 est
1265 4309 1392 4393 signum
1414 4314 1549 4378 interro·

223 4395 335 4479 gandi3
359 4416 435 4462 mox
455 4399 486 4462 in
510 4399 669 4482 principio
695 4400 854 4484 sequentis
875 4400 955 4476 loci,
978 4399 1033 4483 qui
1055 4400 1166 4484 incipit
1187 4424 1203 4465 a
1227 4405 1327 4466 verbo
1349 4407 1450 4489 qnid,
1471 4406 1551 4470 scri·

222 4498 295 4569 ptas
310 4491 407 4555 hahet
420 4493 507 4555 solas
529 4494 648 4556 litteras
664 4495 736 4558 uid.
781 4496 845 4557 Sed
861 4497 956 4570 haec,
981 4498 1019 4558 de
1036 4496 1150 4579 quibus
1166 4496 1319 4573 diximus,
1346 4509 1381 4561 ut
1398 4498 1549 4575 indicant,

224 4581 358 4646 Asconii
381 4605 482 4667 opus,
507 4608 567 4667 pro
589 4588 741 4673 dignitate
762 4589 908 4670 famaque
929 4588 1093 4653 doctrinae
1101 4634 1111 4665 ,
1136 4592 1269 4656 seorsim
1289 4591 1407 4655 editum
1433 4591 1550 4657 deseri·

223 4684 377 4756 ptumqne
397 4698 485 4753 esse;
513 4680 555 4742 ita
578 4682 610 4744 in
633 4683 763 4746 scholiis
786 4681 817 4744 iu
839 4682 996 4746 Verriuas
1018 4682 1122 4746 omnia
1145 4688 1295 4761 suadent,
1320 4705 1358 4749 ea
1383 4700 1549 4773 antequam

224 4766 257 4832 in
285 4766 427 4833 codicem
456 4774 746 4854 San-Gelleosem,
779 4776 832 4838 vel
856 4774 1064 4861 antiquiorem
1087 4782 1256 4862 quemdam
1278 4781 1547 4858 describerentur,
