3202 5318
560 341 712 408 INDEX
733 340 915 409 LEGUM.
1176 352 1178 356 ‘
1342 347 1404 414 253

72 496 195 551 tenere
218 502 236 544 a
261 479 417 564 Zumptio
445 480 561 544 dictum
587 481 728 560 videtur,
766 504 836 546 cum
867 496 898 548 et
926 481 1044 548 Cicero
1066 485 1104 547 de
1127 484 1212 567 Rep.
1235 496 1267 548 et
1288 480 1405 550 Livius

71 580 100 647 l.
121 577 144 641 l.
166 572 419 638 manifestissime
440 596 508 637 eam
531 574 655 656 legibus
678 580 716 639 de
739 579 970 659 provocatione
986 580 1281 657 adnumeraverint;
1304 602 1407 668 neque

72 668 126 734 Μ.
150 667 327 745 Catonem,
363 668 389 731 si
412 690 474 750 pro
496 669 634 751 scapulis
656 669 752 744 dixit,
786 670 859 736 ideo
889 672 981 737 etiam
1010 687 1072 755 pro
1098 672 1136 736 iis
1169 674 1272 758 legem
1297 675 1408 740 tulisse

72 762 205 828 necem
225 763 280 826 sit.
324 764 384 826 Est
406 773 531 837 tamen,
555 783 622 846 qrto
640 784 703 827 non
723 765 827 828 solnm
845 766 886 830 P.
913 767 1040 830 Laecae
1062 777 1095 830 et
1116 767 1170 830 Μ.
1194 764 1311 832 Catoni
1332 767 1408 832 satis

71 850 182 921 facere
207 854 387 939 possimus,
416 859 474 919 sed
504 858 606 924 tertio,
628 878 757 941 quiaque
788 858 933 923 Porcio:
966 880 1036 923 narn
1066 859 1154 945 leges
1185 860 1322 925 Porciae
1344 857 1408 941 ‘ple

72 950 326 1034 provocatione)
347 961 428 1015 teste
444 948 616 1017 Cicerone
625 964 697 1016 tres
720 965 791 1014 stant
806 953 914 1017 trium
928 952 1141 1017 Porciorum:
1165 974 1297 1039 qtrarum
1313 974 1407 1019 nemo
1446 978 1447 983 ¹

74 1043 197 1111 maiore
219 1043 290 1107 iure
311 1065 403 1107 unam
429 1044 490 1107 sibi
512 1045 683 1110 vindicabit
705 1068 797 1129 quam
821 1045 864 1110 P.
887 1046 1025 1110 Porcius
1049 1047 1169 1113 Laeca.
1241 1090 1249 1105 .

390 1203 519 1268 Poncra
542 1204 584 1268 de
603 1204 874 1288 prouincialibus
895 1205 1100 1288 sumptibus.

164 1324 327 1407 „Siciliam
353 1325 406 1389 M.
431 1327 627 1402 Marcellus,
657 1325 831 1389 Sardiniam
854 1329 911 1392 M.
934 1326 1079 1391 Porcius
1099 1329 1186 1392 Cato
1207 1329 1354 1409 (praetor
1375 1350 1406 1393 a.

75 1440 111 1483 n.
134 1418 229 1498 555.)
251 1417 433 1493 obtinebat,
459 1432 584 1481 sanctus
607 1431 640 1481 et
663 1421 831 1496 innocens,
858 1419 1004 1503 asperior
1020 1432 1122 1484 tamen
1138 1420 1169 1483 in
1184 1420 1296 1486 fenore
1314 1425 1409 1487 coiir-

76 1511 181 1579 ceotlo
195 1513 339 1577 babitus.
356 1513 522 1597 fugatique
539 1535 579 1575 ex
596 1510 696 1576 insula
712 1513 912 1578 feneratores
925 1525 956 1576 et
972 1526 1127 1597 sumptus,
1145 1535 1227 1596 quos
1239 1513 1270 1578 in
1286 1516 1405 1580 cultum

75 1618 262 1689 praetorum
295 1607 375 1670 socii
407 1607 515 1670 facere
549 1606 636 1671 soliti
668 1618 777 1686 erant,
810 1605 988 1671 circumcisi
1015 1607 1068 1671 sut
1096 1606 1249 1672 sublati.’'
1291 1608 1408 1676 Liuius

163 1797 287 1858 Eodem
320 1797 481 1877 respicere
509 1795 671 1870 videntur,
704 1814 784 1879 quae
810 1795 961 1880 leguntur
987 1796 1019 1860 in
1045 1796 1214 1879 plebiscito
1243 1799 1281 1863 de
1304 1799 1409 1862 'flier-

75 1890 240 1955 mensibus
263 1890 306 1968 (in
334 1890 497 1953 Hauboldi
520 1891 632 1974 Autiq.
657 1892 755 1956 Ram.
779 1892 931 1955 Manum.
955 1891 1043 1974 Leg.
1066 1913 1101 1972 p.
1126 1891 1237 1971 idid:

163 1984 233 2046 Nar
256 2004 327 2056 onis
349 2005 578 2047 nraorsruarns
601 2006 706 2049 ruore
729 2006 942 2048 uruatsruarn
965 2005 1114 2047 aecanos
1138 2006 1406 2058 anonomastos

75 2098 181 2140 aetra
211 2099 377 2143 rurnnaro
400 2100 463 2151 ooo
486 2100 563 2153 pura
586 2101 690 2141 nraots
713 2100 761 2141 ιει
784 2099 873 2139 auur
896 2098 1089 2140 reseretur
1111 2099 1152 2141 an
1175 2100 1282 2142 anusve
1305 2100 1406 2142 avre-

74 2192 183 2234 aaroa
214 2193 301 2235 ussat
331 2193 415 2247 onon
445 2194 504 2235 eos
532 2196 576 2234 nx
606 2194 692 2235 neon
722 2172 902 2239 POR'rtu
940 2194 1024 2234 naun
1059 2194 1224 2235 reserere
1255 2193 1406 2237 oronrar

75 2285 276 2331 oronremr.

657 2427 819 2491 Ponetur.

75 2550 115 2613 0.
138 2547 283 2613 Catonis
305 2545 424 2611 tribuni
446 2546 548 2630 piebis
570 2569 600 2611 a.
624 2570 658 2610 ιι.
683 2570 713 2612 c.
738 2548 812 2612 697.

164 2640 245 2723 „Sic
266 2641 392 2726 legibus
415 2640 689 2724 perniciosissimis
713 2639 894 2717 obsistitur,
926 2640 1060 2705 maxime
1082 2639 1255 2706 Patauisl'
1297 2643 1336 2705 ad
1359 2641 1403 2723 Q.

78 2736 138 2800 Fr.
161 2737 212 2801 11.
237 2738 274 2813 6,
299 2740 330 2802 5.

168 2884 183 2912 ,,
195 2835 234 2898 C.
253 2835 340 2897 Cato
356 2833 456 2916 legem
473 2830 694 2916 promulgavit
715 2835 757 2911 (a.
774 2853 806 2894 u.
824 2829 913 2909 698.)
935 2831 973 2892 de
995 2827 1130 2912 imperio
1148 2829 1288 2893 Lentulo
1311 2831 1407 2894 abro-
1435 2870 1441 2881 κ

79 2926 222 3012 gando.’'
267 2924 306 2988 nd
329 2927 370 3007 Q.
389 2929 451 2992 fr.
476 2928 523 2990 ll.
548 2927 586 2999 8,
614 2929 644 2988 l.

165 3021 243 3084 Vid.
267 3022 402 3104 Pighius
425 3025 510 3085 Anu.
534 3021 631 3083 Rom.
657 3021 700 3083 Τ.
731 3019 797 3082 lll.
828 3042 862 3103 p.
893 3019 967 3083 381.
999 3031 1030 3082 rt
1058 3017 1287 3083 Onomasticon
1317 3039 1345 3082 s.
1368 3039 1402 3081 v.

80 3112 122 3180 C.
146 3116 291 3178 Poucrus
316 3112 422 3180 Caro.

427 3294 481 3359 Dr.
504 3295 719 3359 Pnovrucus:
744 3292 923 3369 Cornelia,
946 3291 1050 3358 Iulia.

76 3472 131 3537 Dr.
155 3472 437 3536 Provocarroue:
463 3472 603 3548 Duilio,
631 3472 791 3539 Valeriae
808 3483 838 3535 et
852 3472 1038 3548 Horatiae,
1056 3471 1218 3546 Porciae,
1236 3471 1401 3536 Antonia.

137 3651 304 3716 Panaima
327 3652 368 3713 de
385 3650 528 3733 plebeiis
550 3651 811 3733 magistratibus
832 3650 970 3712 tributis
991 3649 1139 3713 comitiis
1149 3647 1346 3741 faciendis.

166 3775 395 3846 „Voleronem
417 3773 635 3855 (Publilium)
657 3774 801 3855 aruplexa
828 3771 942 3836 favore
970 3772 1058 3853 plebs
1087 3771 1240 3853 proximis
1267 3769 1403 3834 comitiis

74 3868 235 3931 tribunum
256 3867 340 3949 plebi
367 3879 453 3928 creat
479 3867 508 3929 in
533 3890 601 3929 eum
623 3889 755 3940 aunum,
778 3864 832 3948 qui
857 3866 899 3927 L.
921 3864 1082 3927 Pinarium
1104 3866 1145 3927 P.
1168 3864 1299 3928 Furium
1323 3884 1401 3926 con·

73 3963 159 4024 sulcs
187 3960 295 4022 babuit
318 3962 366 4039 (u.
391 3981 419 4024 c.
443 3960 549 4035 idi).
580 3971 755 4043 contraque
778 3957 916 4021 omniurn
946 3956 1145 4039 opinionem,
1170 3955 1224 4038 qtti
1251 3978 1320 4019 erim
1345 3977 1401 4020 ve·

73 4055 187 4117 xaadis
211 4053 331 4135 prioris
353 4054 424 4116 anni
448 4053 633 4117 consulibus
655 4050 881 4135 permissurum
898 4052 1089 4114 tribunatum
1113 4051 1305 4126 crcdebant,
1328 4062 1403 4132 post

74 4148 232 4231 publicam
255 4168 381 4211 causam
406 4148 533 4230 privato
557 4147 669 4210 dolore
691 4146 816 4222 habito,
841 4169 880 4210 nc
904 4150 1006 4209 verbo
1029 4146 1153 4230 qrridem
1178 4143 1305 4207 violatis
1326 4164 1403 4206 con·

74 4243 197 4304 solibus
220 4242 421 4321 rogationem
448 4242 517 4303 tulit
543 4244 581 4302 ad
608 4239 779 4322 populum,
812 4251 850 4302 ut
868 4240 992 4323 plebeii
1015 4238 1242 4322 magistratus
1264 4234 1403 4300 tributis

74 4335 224 4398 caputiis
239 4334 392 4413 fierent.
416 4336 501 4396 haud
526 4354 623 4415 {sarva
645 4356 698 4396 rcs
724 4337 782 4396 sub
806 4335 898 4397 titulo
922 4333 1022 4416 prima
1038 4330 1144 4414 specie
1161 4329 1282 4392 minime
1299 4328 1402 4393 atroci

74 4427 257 4503 ferebatur,
281 4432 336 4493 sed
359 4450 439 4513 quae
463 4428 602 4510 patriciis
626 4449 749 4490 ornnem
773 4440 962 4510 potestatem
987 4448 1046 4508 per
1067 4424 1225 4488 clientium
1246 4423 1402 4508 suffragia

74 4524 201 4584 creandi
231 4543 312 4604 qrtos
344 4525 460 4586 vellent
489 4523 632 4583 tribunos
657 4521 815 4583 auferret.
850 4521 923 4583 huie
947 4519 1065 4583 actioni
1088 4517 1288 4604 gratissimae
1314 4518 1401 4600 plebi

76 4636 144 4678 cum
176 4639 297 4680 summa
329 4616 359 4678 vi
382 4617 566 4680 resisterent
594 4628 719 4698 patres,
756 4636 832 4689 nec,
868 4635 948 4698 quae
975 4635 1035 4675 una
1058 4613 1105 4675 vis
1127 4612 1166 4675 aul
1194 4610 1400 4676 resistendum
1498 4645 1501 4652 ·

77 4722 160 4786 erat,
199 4722 234 4772 ut
262 4710 471 4774 intercederet
495 4710 608 4795 aliquis
637 4732 679 4774 ex
704 4708 844 4793 collegio
871 4708 1060 4772 artetoritate
1086 4719 1138 4807 apt
1162 4707 1326 4770 consulum
1349 4717 1402 4770 aut

76 4804 255 4888 principum
278 4804 389 4868 adduci
414 4816 539 4888 posset,
564 4825 614 4867 res
637 4817 741 4868 tamen
765 4825 824 4868 suo
846 4802 913 4887 ipsa
937 4803 1095 4867 molimine
1122 4801 1230 4888 gravis
1254 4800 1401 4867 certami-
