3202 5318
511 354 575 429 AD
604 354 1073 431 PSEUDO-ASCONIUM.
1390 351 1451 429 tto

133 517 166 570 et
182 506 301 570 codicis
320 504 422 568 nostri
441 505 592 569 lectione:
604 506 834 598 flectentibus
850 529 885 569 se
906 507 953 569 ad
970 518 1170 589 postremus
1191 506 1352 570 dextram
1369 528 1456 591 par·

133 615 219 665 tem:
241 601 409 685 legendum
430 610 528 681 puto,
540 601 787 692 flectentibus,
812 601 843 663 si
857 601 904 662 ad
914 613 1054 683 portam
1068 601 1134 680 (vel
1149 601 1195 661 ad
1208 587 1342 674 rostra}
1366 603 1453 685 quod

131 694 274 778 suppetit
297 694 451 773 Orellius)
473 715 548 769 ens,
579 692 625 754 ad
645 693 678 756 d.
698 716 752 776 p.:
781 715 848 754 nam
872 693 1051 756 huiusmodi
1070 693 1144 776 qnid
1167 693 1291 756 videtur
1310 695 1450 779 requiri:
1495 718 1500 733 ·

133 790 222 854 conl.
246 790 335 851 locus
356 790 394 849 ad
420 811 471 851 or.
499 808 558 867 pro
582 789 633 849 Sc.
658 790 753 849 medo
776 786 834 850 cit.
876 789 1020 868 Qirorum
1036 788 1238 863 ‚scholiorum
1259 787 1391 863 alterum
1413 811 1454 853 ex

132 876 279 948 veterum
301 882 534 946 commentariis
558 881 625 944 siue
646 881 742 946 dubio
766 881 955 964 descriptum
979 882 1093 945 iudicat
1116 881 1232 946 Madv.
1259 864 1337 987 pig.
1361 885 1456 959 1424

132 980 172 1040 de
199 978 300 1040 altero
322 975 403 1037 idem
427 976 593 1055 suspicor:
626 997 812 1059 quamquam
836 997 897 1039 non
926 978 1083 1038 contendo
1111 996 1174 1039 non
1200 974 1341 1058 potuisse
1362 976 1456 1040 etiam

133 1066 430 1152 extrernis'imperii
455 1069 593 1133 Romani
615 1068 645 1131 in
663 1069 837 1139 Occidente
857 1069 1055 1150 temporibus
1076 1069 1192 1144 scribi,
1216 1069 1346 1151 perinde
1364 1083 1457 1155 atque

132 1164 189 1228 illa
214 1174 295 1247 quae
323 1166 361 1225 de
390 1162 597 1227 Circensibus
624 1163 789 1237 dicuntur,
826 1184 842 1224 a
870 1164 984 1229 Madv.
1014 1186 1048 1245 p.
1080 1165 1153 1225 ttt.
1186 1177 1373 1240 memorata3
1411 1177 1458 1229 est

132 1259 267 1322 veroin
293 1257 437 1321 Asconio
461 1256 615 1319 eiusmodi
640 1257 784 1321 locorum
811 1257 1009 1340 frequentia,
1041 1279 1122 1340 quae
1145 1256 1336 1340 antiquitatis
1363 1259 1458 1324 iidem

132 1352 224 1417 iacit.
238 1387 279 1398 -
297 1354 361 1415 Sed
385 1351 476 1414 etiam
493 1352 532 1414 de
551 1353 647 1412 rebus
668 1350 805 1413 florente
829 1351 961 1433 imperio
986 1352 1134 1415 Romano
1157 1352 1345 1437 vulgaribus
1367 1375 1460 1437 saepe

134 1445 190 1509 illa
214 1445 334 1509 scholia
357 1445 401 1507 ita
425 1446 618 1528 loquuntur,
643 1456 677 1506 ut
698 1447 736 1506 de
760 1445 827 1507 aliis
846 1445 944 1507 moris
965 1445 1006 1507 ita
1018 1443 1160 1534 sitisse,
1186 1448 1224 1508 de
1243 1445 1312 1508 aliis
1330 1460 1459 1512 veteres

135 1539 190 1602 vel
219 1539 379 1623 antiquos
408 1538 452 1600 ita
483 1559 653 1600 consuesse
687 1538 930 1611 dicatur,'vid.
961 1540 1072 1602 Madv.
1100 1562 1134 1622 p.
1167 1541 1228 1603 131
1255 1562 1325 1625 seq.
1354 1541 1461 1626 ibique

136 1643 212 1695 nota
233 1632 252 1696 5
275 1644 306 1695 et
329 1634 382 1694 6.:
422 1653 501 1716 quae
529 1653 580 1694 res
610 1631 701 1694 etiam
732 1630 936 1695 Perizonium
962 1633 1114 1709 advertit,
1150 1633 1204 1716 qui
1227 1636 1266 1695 ad
1289 1645 1350 1699 aet.
1371 1635 1400 1698 Ι.
1422 1656 1458 1719 p.

137 1726 211 1788 133.
241 1739 428 1809 corruptum
455 1725 611 1788 scholium
641 1725 687 1787 sic
718 1728 914 1799 emendans,
938 1727 984 1789 uti
1013 1725 1106 1789 etiam
1137 1749 1154 1789 n
1182 1726 1312 1792 Baitero
1342 1726 1459 1792 iactum
1504 1744 1508 1753 '

135 1820 294 1884 vidimus:
334 1842 402 1883 nou
431 1821 583 1882 solebant
601 1820 741 1901 precari
763 1821 896 1882 veniam
920 1832 1048 1884 veteres
1070 1822 1111 1884 cle
1133 1843 1253 1885 eorum
1281 1826 1461 1906 compello-

133 1915 227 1978 tione
249 1915 359 1977 nuda:
381 1916 443 1977 hoe
458 1915 589 1987 addidit,
616 1926 714 1984 „notu
731 1926 836 1989 autem
852 1915 1021 1978 veteres’'.
1067 1916 1140 1978 Alia
1162 1916 1360 1997 explicantur
1380 1940 1460 2002 quae

133 2008 270 2074 Asconii
299 2020 401 2071 aetate
431 2008 646 2071 adolescentes
678 2009 794 2069 docere
822 2009 963 2089 putidum
994 2007 1123 2091 luisset,
1159 2031 1217 2072 nec
1237 2010 1303 2073 sine
1327 2032 1460 2076 errore:

134 2124 217 2187 quae
243 2115 449 2165 recensentur
473 2124 489 2163 a
512 2104 628 2164 Madv.
653 2125 686 2182 p.
712 2103 772 2162 188
795 2124 886 2186 seqq.
934 2104 1129 2185 Quiamquam
1149 2126 1211 2166 non
1236 2098 1369 2168 auseiim
1390 2105 1461 2168 viro

136 2197 321 2261 doctissimo
338 2196 524 2277 adstipulari
544 2195 737 2269 adfirmanti,
762 2195 851 2257 iniis
876 2218 957 2280 quae
982 2200 1020 2258 ad
1041 2197 1120 2261 Div.
1144 2220 1177 2279 p.
1204 2198 1274 2261 118.
1297 2199 1459 2283 leguntur,

135 2313 197 2374 per
223 2312 366 2356 errorem
396 2291 525 2353 iudicia
551 2300 774 2373 paraenorum
803 2293 1065 2353 commemorari:
1104 2312 1167 2354 non
1190 2294 1357 2356 absurdum
1381 2293 1461 2354 enirn

137 2386 282 2460 videtur,
317 2398 503 2468 quaestores
537 2407 568 2444 v.
594 2405 627 2466 g.
652 2385 790 2471 urbanos
816 2383 969 2445 iudicasse
996 2386 1156 2447 decausis
1185 2387 1294 2468 quales
1322 2395 1396 2448 suni
1423 2389 1461 2450 de

139 2480 253 2562 quibus
276 2478 391 2541 dicitur
413 2480 444 2541 in
464 2479 490 2540 l.
517 2483 546 2539 1.
572 2484 602 2552 §.
627 2480 657 2542 9.
683 2477 758 2538 etl.
783 2478 813 2539 2.
847 2477 891 2539 D.
917 2477 957 2539 ile
979 2476 1187 2566 qff.·praef.
1210 2482 1303 2556 urbi,
1329 2502 1461 2565 quarum

137 2593 246 2636 rerum
275 2594 351 2634 eura
379 2585 491 2654 postca
523 2574 563 2633 nd
592 2593 708 2633 novum
740 2571 956 2653 magistratum
987 2572 1194 2652 pertinuerit:
1227 2574 1306 2637 alios
1335 2577 1372 2638 de
1394 2575 1462 2637 aliis

135 2671 252 2732 rebus:
277 2667 321 2729 ci.
338 2665 368 2728 in
385 2666 495 2727 Vatin.
522 2667 558 2738 5,
585 2666 637 2728 12.
663 2679 693 2727 ct
717 2686 776 2745 pro
796 2665 905 2743 Quint.
930 2688 959 2727 c.
985 2669 1030 2742 1.,
1054 2668 1109 2729 ubi
1131 2667 1368 2750 praeferendam
1390 2669 1460 2755 qui·
1554 2668 1557 2679 '

138 2764 208 2824 dern
229 2772 307 2842 puto
332 2759 498 2823 lectionem
520 2760 566 2820 ad
587 2759 760 2833 Castoris,
785 2762 840 2820 sed
863 2770 965 2822 tritten
989 2764 1085 2822 verba
1111 2782 1133 2822 α
1158 2763 1398 2846 quaestoribus
1421 2784 1461 2825 ex

136 2877 217 2919 vera
241 2856 504 2936 interpretatione
529 2868 617 2926 nata:
642 2864 676 2914 ut
699 2853 852 2915 consultis
875 2856 1097 2936 quaestoribus
1121 2855 1285 2940 Aquilium
1309 2857 1460 2919 arbitrum

137 2970 205 3013 rens
231 2949 422 3032 transegisse
451 2952 489 3010 de
516 2970 575 3030 qua
606 2948 720 3009 dicitur
739 2947 977 3031 intelligamus:
1019 2969 1089 3011 nam
1113 2951 1199 3013 viros
1223 2954 1375 3034 quosdam
1398 2952 1462 3014 hoe

137 3058 285 3126 tempore
312 3046 351 3104 ad
380 3065 446 3103 earn
468 3064 534 3103 rem
565 3042 755 3104 constitutos
785 3041 898 3116 luisse,
936 3054 1070 3123 propter
1098 3044 1295 3107 difficultates
1322 3068 1362 3106 ex
1390 3047 1462 3130 lege

138 3138 269 3200 Valeria
299 3148 403 3210 ortas,
437 3137 514 3197 dixit
542 3136 685 3218 quidem,
722 3139 776 3197 sed
809 3137 895 3198 nullo
921 3148 1060 3198 veterum
1085 3138 1159 3200 loeo
1187 3138 1282 3202 allato
1312 3139 1463 3220 probavit

137 3253 173 3293 v.
198 3233 240 3294 el.
264 3231 460 3295 Niebulrrius
485 3229 515 3291 in
540 3231 627 3295 Mus.
651 3232 756 3293 Rben.
781 3230 846 3291 vol.
871 3231 900 3293 I.
924 3254 958 3312 p.
983 3230 1044 3291 991
1067 3254 1138 3314 sqq.
1163 3268 1204 3278 -
1227 3232 1317 3311 Quae
1340 3236 1379 3296 ad
1402 3245 1462 3300 act.

139 3325 191 3387 ll.
213 3325 268 3387 lib.
290 3324 318 3388 l.
344 3347 376 3406 p.
402 3326 474 3386 165.
500 3324 668 3407 leguntur:
698 3325 793 3406 apriti
812 3325 973 3408 antiquos
995 3337 1028 3385 et
1050 3326 1089 3386 de
1111 3326 1288 3388 aaaiiitioue
1312 3326 1464 3389 testimo-

140 3419 238 3480 ninm
259 3420 451 3482 dicebatur:
476 3440 537 3482 non
559 3430 646 3480 certe
671 3431 740 3480 ante
761 3419 954 3480 Hadrianum
974 3419 1057 3500 imp.
1077 3419 1219 3500 potuisse
1243 3419 1357 3494 scribi,
1382 3422 1465 3481 baird

140 3512 211 3574 scio
229 3533 267 3574 an
290 3535 364 3576 vere
385 3527 574 3575 statuaums:
602 3515 662 3575 boc
687 3512 766 3574 enim
792 3514 914 3572 deinum
936 3525 1079 3592 tempore
1103 3515 1243 3575 videmus
1267 3511 1464 3575 severiorem

139 3605 296 3670 rationein
317 3608 346 3670 in
371 3606 532 3669 audiendis
557 3608 690 3667 testibus
710 3604 928 3666 constitutam:
954 3606 1018 3666 vid.
1042 3607 1065 3666 l.
1089 3607 1120 3668 3.
1146 3615 1176 3682 §.
1203 3613 1218 3669 1
1243 3629 1331 3691 seqq.
1353 3607 1397 3669 D.
1423 3605 1464 3666 tie

137 3700 297 3764 testibus:
319 3724 359 3764 ex
383 3701 471 3762 euius
488 3701 509 3761 1.
532 3707 562 3775 §.
580 3701 611 3761 3.
636 3698 854 3782 intelligimus,
881 3701 920 3760 ab
936 3701 997 3762 boc
1013 3713 1157 3781 tempore
1176 3701 1208 3761 in
1230 3698 1464 3762 desuetudinem

138 3794 256 3857 abiisse
285 3816 423 3869 morem,
460 3805 551 3855 antea
582 3792 889 3875 frequentissimum,
928 3793 1201 3869 testimoniorum,
1234 3793 1369 3856 testibus
1400 3811 1463 3852 non

137 3887 323 3969 productis,
349 3891 386 3951 de
413 3888 533 3969 scripto
557 3887 812 3960 recitandorum3
843 3886 897 3970 qui
920 3908 987 3949 mos
1010 3909 1078 3946 cum
1102 3888 1175 3962 illo,
1201 3890 1239 3948 de
1260 3907 1324 3970 quo
1351 3883 1464 3948 dicitur

139 3983 171 4045 in
195 3981 337 4058 scholio,
361 3985 597 4066 quodammodo
622 4001 739 4064 genere
757 3978 943 4043 coniunctus
960 3993 1018 4042 est.
1064 3981 1177 4044 Potest
1194 3991 1294 4042 airtcrn
1311 3978 1463 4042 hocloco

140 4075 367 4152 animadverti,
393 4099 457 4140 non
482 4076 584 4138 oiunia
606 4078 683 4136 baec
698 4074 817 4136 scholia
840 4077 950 4137 eodem
974 4088 1118 4156 tempore
1141 4094 1210 4137 esse
1233 4074 1367 4154 scripta:
1392 4092 1464 4132 nam
1544 4069 1549 4078 “

139 4191 223 4253 quae
246 4172 285 4232 ad
306 4170 362 4233 lib.
387 4171 416 4233 l.
439 4193 474 4252 p.
497 4171 569 4231 175.
594 4169 758 4242 dicuntur,
784 4171 822 4229 de
841 4168 953 4232 omissa
971 4168 1147 4229 tabularum
1163 4167 1462 4230 conscribendarum

139 4265 387 4341 consuetudine,
422 4263 555 4327 Asconii
579 4273 727 4337 aetatem,
761 4274 793 4324 ut
817 4262 951 4343 opinor,
988 4261 1156 4345 attingunt.
1181 4293 1222 4304 -
1255 4261 1351 4340 Quod
1383 4279 1462 4322 vero

140 4360 253 4421 attinet
276 4361 315 4421 ad
339 4381 439 4443 genus
459 4380 565 4420 rerum
591 4378 671 4440 quac
696 4357 726 4416 in
751 4356 797 4417 his
815 4368 988 4418 tractantur
1011 4357 1158 4418 scholiis:
1183 4376 1278 4436 supra
1301 4354 1359 4416 iam
1381 4352 1463 4416 dixi-

139 4474 226 4529 snus,
249 4464 352 4516 toturn
368 4452 502 4515 Asconii
519 4450 775 4514 commentarium
793 4471 860 4512 esse
877 4448 1077 4522 historicum,
1095 4446 1291 4529 paucissimis
1308 4446 1460 4529 exceptis,

139 4568 223 4631 quae
246 4547 311 4610 suis
335 4546 414 4609 locis
436 4541 630 4617 notavimus3
655 4565 734 4627 quae
755 4543 894 4627 singula,
920 4541 1010 4603 etiarn
1036 4544 1078 4605 ob
1102 4541 1237 4604 rationes
1258 4540 1386 4604 aliunde·
1403 4562 1462 4623 pe·
1532 4566 1535 4571 ·

138 4642 230 4716 titas,
256 4639 511 4720 interpolationis
527 4637 705 4721 suspicione
724 4638 888 4709 laborant;
911 4635 1032 4698 scholia
1049 4655 1127 4698 vero
1144 4656 1223 4718 quae
1247 4657 1328 4697 niune
1345 4641 1479 4699 tracta-⁰

139 4756 210 4796 mns
237 4735 399 4798 rhetorica
423 4747 454 4797 et
481 4733 684 4819 grammatica
706 4744 794 4807 sunt,
821 4731 964 4793 admixtis
988 4729 1172 4815 quibusdam
1198 4751 1277 4814 quae
1299 4751 1339 4795 ex
1362 4730 1464 4795 histo·

140 4826 219 4892 rieis
243 4838 384 4891 veterum
412 4824 646 4892 commentariis
668 4827 765 4910 petita
785 4836 874 4901 seint,
899 4823 1003 4889 multis
1023 4823 1055 4888 in
1072 4827 1274 4907 excerpendo
1296 4823 1462 4889 erroribus
