3202 5318
17 322 27 339 ’
132 371 173 434 sa
600 456 601 461 Ν
748 367 899 433 mnnx

136 534 216 594 quac
232 509 357 587 dixisti,
381 509 508 585 valere,
532 508 724 591 locupletem
746 530 831 585 esse,
854 529 918 572 non
944 509 1070 584 dolere,
1095 509 1180 573 bona
1194 495 1258 573 nori
1282 506 1371 583 dim,
1397 510 1452 571 sed

135 605 232 668 dicam
259 605 381 668 Graece
410 616 597 690 προηγμένα
614 602 740 682 (Latine
764 612 866 667 atttem
884 603 1075 685 prodacta:
1098 605 1156 667 sed
1172 601 1380 686 praeposita
1400 612 1453 665 aut

131 698 321 783 praecipua
348 698 450 771 malo;
485 697 531 760 sic
561 694 760 761 tolerabilius
788 707 819 758 et
847 694 1012 775 mollius):
1043 695 1095 758 illa
1128 707 1248 772 autem,
1284 696 1450 771 morbum,

133 803 321 877 egestatem,
346 792 510 866 dolorem,
536 812 600 854 non
623 790 749 873 appello
774 790 864 866 rnala,
890 793 957 867 sed,
980 789 1008 853 si
1030 788 1118 868 libet,
1144 791 1339 856 reiectanea
1358 794 1454 872 (ἀνιο-

118 886 383 976 .νιροηγ,ινένα).”
428 890 466 949 de
488 886 581 949 Finn.
604 885 669 947 IV.
694 885 751 960 26,
778 885 829 947 72.

217 985 451 1069 Ηροὲιεσιιίζω,
475 980 677 1063 praesagio.
734 983 976 1063 „Hpobsantto
1004 978 1103 1064 igitur
1135 1001 1201 1044 non
1231 978 1372 1057 ariolans
1398 981 1453 1042 sed

134 1074 317 1139 coniectura
351 1073 574 1156 prospiciens:
610 1077 751 1156 Iamque
785 1074 874 1137 anari
903 1095 1032 1158 magno
1059 1117 1208 1137 .....
1233 1094 1298 1138 non
1333 1073 1450 1149 multo,

129 1170 279 1254 inquam,
303 1190 395 1232 secus
417 1188 546 1249 passum
571 1167 778 1230 vaticinarI.''
823 1171 861 1231 ad
883 1170 952 1234 Aet.
974 1169 1075 1232 VIII.
1098 1171 1155 1245 11,
1181 1169 1240 1253 3.x

220 1265 396 1350 Προκονιή,
418 1282 626 1345 progressus
648 1262 684 1324 in
710 1262 847 1327 titteris.
903 1264 1074 1345 „Tandem
1096 1284 1113 1325 a
1138 1261 1299 1328 Cicerone
1321 1261 1452 1325 tabella-

23 1428 24 1434 ,
132 1357 218 1433 rius,
255 1370 286 1420 et
315 1356 493 1419 mehercule
516 1356 639 1418 litterae
663 1371 885 1441 neaerapa'vmg
907 1356 1064 1441 scriptae:
1099 1359 1186 1441 quod
1206 1354 1312 1439 ipsum
1334 1380 1452 1438 προκο-

134 1452 197 1531 πήν
223 1450 358 1536 aliquam
385 1449 582 1534 significat.'’
634 1453 673 1513 ad
700 1453 771 1515 Aa.
802 1453 879 1515 XV.
912 1452 1003 1514 16Α.
1053 1452 1105 1516 De
1134 1453 1235 1515 verbo
1258 1451 1452 1539 apaadnram

133 1547 198 1609 vid.
224 1545 345 1612 Cellar.
367 1545 455 1608 Diss.
473 1546 510 1606 dc
525 1542 656 1628 Vigiliis
679 1556 710 1606 et
732 1547 922 1608 Lucubratt.
948 1547 1041 1608 Vctt.
1066 1552 1097 1622 §.
1122 1546 1174 1609 19.
1198 1547 1284 1609 Eun.

218 1639 475 1729 Προλεγόμιναι,
484 1641 742 1722 prolegomena,
750 1661 837 1723 quae
845 1637 1012 1731 praefari
1022 1643 1169 1703 solemus
1180 1649 1261 1702 ante
1271 1658 1377 1723 quam
1388 1634 1455 1701 ‹tt›

133 1732 348 1816 putationem
366 1733 518 1817 aliquam
537 1732 781 1814 explicandam
794 1734 1016 1817 sacacipimas.
1047 1733 1152 1815 „Veni
1166 1733 1276 1816 igitur,
1295 1730 1322 1796 si
1336 1730 1387 1794 vir
1401 1752 1451 1805 cs,

135 1840 167 1889 et
195 1828 282 1890 disce
311 1849 400 1889 ame
424 1834 677 1913 προλεγομίνας,
714 1849 790 1910 quas
814 1830 957 1911 quaeris:
989 1829 1049 1890 etsi
1070 1849 1123 1891 sus
1146 1826 1372 1891 Minervam.”
1416 1825 1454 1889 ad

135 1922 228 1986 Fam.
252 1921 316 1985 IX.
342 1921 398 1996 18,
422 1922 453 1983 3.

219 2016 413 2103 Πρόληψις,
446 2014 560 2087 notio,
584 2014 804 2098 anticipatio,
827 2016 1021 2098 praenotio.
1075 2015 1273 2099 „Notionem
1304 2012 1451 2097 appello,

23 2146 34 2157 ν
135 2132 227 2196 quam
255 2109 371 2173 Graeci
396 2121 461 2181 tum
487 2109 633 2185 ἔννοιαν,
665 2120 732 2170 tum·
761 2111 934 2197 πρόληψιν.
967 2111 1015 2174 Ea
1039 2122 1086 2174 est
1107 2109 1198 2175 insita
1225 2122 1258 2172 et
1283 2120 1454 2193 praecepta

135 2206 287 2287 cuiusque
318 2201 461 2287 cognitio
495 2203 691 2266 enodationis
724 2203 907 2290 indigens.'’
963 2207 1051 2289 Top.
1084 2206 1119 2281 7,
1153 2204 1204 2270 31.
1226 2203 1302 2284 (ubi
1322 2208 1382 2267 'est
1410 2201 1454 2263 rei

128 2296 341 2382 'intelligibilis
371 2295 478 2376 notio,
513 2297 681 2361 Platonico
716 2321 824 2374 more,
861 2301 947 2381 quod
979 2296 1075 2363 Plato
1108 2320 1214 2361 rerum
1248 2295 1453 2360 invisibilium

130 2378 283 2457 ¹notiones
306 2403 456 2459 anatura
477 2390 645 2473 impressas
667 2392 770 2457 auimo
797 2392 937 2467 dicebat,
963 2413 1044 2477 quac
1067 2392 1277 2469 evolvantur,
1299 2412 1329 2457 s.
1353 2402 1388 2455 nt
1403 2390 1455 2456 Ci-

136 2508 212 2550 cero
234 2485 310 2549 dicit
319 2519 331 2561 ,·
352 2488 528 2549 condentur
549 2506 608 2568 per
627 2486 836 2551 definitiones.
861 2488 941 2550 Item
960 2490 999 2549 de
1021 2487 1151 2551 notione
1176 2482 1324 2569 volgari,
1349 2489 1455 2549 adum·

130 2583 229 2644 'brata
257 2603 351 2643 sensu
381 2574 523 2665 et‘usu,
555 2602 619 2643 non
647 2581 803 2662 explicata
832 2593 978 2645 accurate
1003 2582 1130 2644 scholae
1153 2583 1263 2645 modo·
1287 2580 1396 2659 Ena.)
1422 2615 1455 2625 -

139 2672 286 2759 „Cetera
309 2685 411 2736 autem
435 2676 562 2754 (niens)
588 2674 840 2737 similitudinibus
867 2675 1048 2751 constituit,
1073 2696 1113 2737 ex
1135 2671 1454 2759 quibus'efficiuutur

138 2768 270 2832 notitiae
299 2788 424 2843 rerum,
460 2791 537 2850 quas
569 2769 686 2831 Graeci
717 2790 786 2830 cum
820 2780 961 2846 ἐννοίας,
995 2780 1060 2832 tum
1091 2768 1270 2856 προλήψεις
1302 2767 1453 2831 vocant.”

138 2862 242 2924 Acad.
266 2862 314 2924 It.
340 2864 398 2936 10,
422 2862 474 2923 30.
499 2895 538 2904 -
582 2863 696 2942 „Quae
719 2875 765 2924 cst
780 2863 860 2924 enim
878 2884 958 2946 gens
978 2873 1031 2924 aiut
1046 2866 1133 2946 quod
1148 2859 1248 2947 genus
1272 2862 1452 2935 horninum,

138 2958 226 3040 quod
246 2977 310 3020 non
334 2957 450 3018 habeat
470 2952 538 3018 sine
561 2954 705 3019 doctrina
729 2956 981 3036 anticipationem
1005 2959 1158 3040 quandam
1182 2955 1344 3021 deorum?
1366 2976 1453 3041 quam

139 3050 279 3132 appellat
308 3049 476 3133 πρόληψιν
500 3049 679 3131 Epicurus,
715 3049 841 3123 idest,
878 3063 1073 3132 anteceptam
1097 3052 1200 3115 animo
1228 3049 1274 3114 rci
1301 3051 1454 3133 quandam

138 3143 415 3219 informationem,
447 3143 513 3205 sine
535 3164 596 3226 qua
618 3164 676 3204 nec
696 3142 828 3227 intelligi
853 3145 1023 3228 quidquam
1048 3167 1106 3208 nec
1133 3145 1244 3228 quaeri
1271 3156 1332 3208 nec'
1352 3144 1455 3228 dispu-

138 3236 200 3299 tari
221 3236 366 3319 potest.'’
411 3238 448 3298 de
471 3239 547 3300 Nat.
570 3237 673 3301 Deor.
693 3239 723 3300 I.
750 3239 804 3312 16,
830 3239 882 3299 13.
908 3269 947 3280 ——
991 3230 1193 3320 „Fateamur'
1213 3250 1363 3304 constare
1383 3239 1457 3303 illud

140 3329 252 3405 etiam,
284 3333 364 3392 banc
387 3352 445 3394 nos
467 3333 583 3394 babere
610 3329 678 3394 sive
706 3330 977 3413 anticipationem,
1008 3342 1041 3395 ut
1066 3332 1240 3421 antediem,
1270 3333 1342 3399 sive
1366 3353 1456 3418 prae·

141 3426 302 3487 notionem
333 3429 463 3488 deorum
493 3427 587 3505 (sunt
608 3424 687 3487 enirn
716 3428 810 3488 rebus
838 3425 931 3489 novis
957 3449 1040 3491 nova
1066 3429 1214 3510 ponenda
1243 3425 1390 3501 nomina,
1425 3436 1456 3488 ut

138 3518 299 3601 Epicurus
322 3518 389 3600 ipse
414 3513 580 3604 πρόληψιν
600 3519 790 3602 appellavit,
823 3543 916 3605 quam
936 3532 1027 3585 antea
1046 3543 1139 3585 nemo
1164 3542 1203 3585 eo
1230 3524 1335 3588 verbo
1358 3521 1455 3586 nomi-

141 3615 269 3692 narat):
299 3614 380 3676 lianc
400 3613 497 3697 igitur
516 3613 688 3691 babemus,
715 3627 747 3676 ut
769 3618 846 3678 deos
865 3619 976 3680 beatos
999 3629 1030 3680 et
1052 3616 1246 3681 immortales
1269 3613 1453 3701 putemus.”

140 3711 179 3770 dc
201 3709 278 3771 Nat.
302 3707 405 3771 Deor.
430 3708 458 3771 l.
482 3712 541 3784 17,
566 3710 606 3770 dd
627 3732 678 3792 sq.
1181 3716 1185 3723 '

224 3801 401 3889 Πρόνοια,
430 3802 661 3884 providentia.
707 3804 865 3880 „Auditc,
894 3804 994 3890 inquit
1024 3805 1225 3886 (Velleius),
1257 3828 1324 3872 non
1354 3805 1456 3871 futiles

134 3894 436 3979 'commenticiasque
460 3896 649 3974 sententias,
680 3919 742 3961 non
768 3899 914 3982 opificem
938 3898 1234 3983 aedificatoremque
1256 3902 1364 3966 meandi
1385 3900 1457 3967 Ple-

136 3984 227 4057 'tonis
250 3992 289 4052 de
312 3989 444 4052 'simaeo
464 3993 575 4068 deum,
598 4012 656 4054 nec
672 4013 762 4054 amun
779 3993 939 4056 fatidicam
958 3994 1139 4057 Stoicorum
1162 3994 1342 4081 πρόνοιαν,
1366 4016 1457 4079 ιηιιιιιιι

140 4086 257 4150 Latine
280 4082 625 4168 liret'prouideatiam
647 4086 773 4150 dicerc”
800 4100 864 4150 eet.
887 4089 925 4151 de
948 4089 1020 4152 Nat.
1043 4088 1146 4153 Deor.
1169 4089 1199 4152 1.
1224 4091 1256 4166 8,
1282 4089 1336 4153 18.
1360 4088 1403 4153 cI.
1426 4087 1456 4150 1.

140 4181 180 4259 8,
204 4178 258 4243 20.
303 4180 332 4242 1.
356 4180 395 4255 9,
431 4178 484 4241 22.
507 4211 548 4222 -
596 4180 708 4252 „Talis
737 4182 833 4265 igitur
857 4203 943 4245 mens
966 4182 1166 4245 mundi'cum
1195 4183 1236 4247 sit
1261 4185 1305 4248 ob
1329 4200 1457 4265 eamque

141 4295 265 4336 causam
303 4273 350 4334 vel
381 4272 546 4355 prudentia
581 4274 632 4336 vel
661 4275 861 4355 providentia
889 4274 1042 4358 appellari
1069 4287 1155 4339 recte
1181 4277 1284 4360 possit
1313 4276 1457 4357 (Graece

136 4367 222 4431 'enim
246 4368 386 4451 πρόνοια
412 4366 564 4446 dicitur),
591 4369 672 4430 haec
694 4370 892 4450 potissimum
916 4369 1064 4451 providet
1091 4381 1121 4432 et
1143 4369 1173 4432 in
1191 4370 1240 4434 bis
1260 4370 1396 4435 maxime
1410 4377 1458 4434 est

144 4472 317 4543 occupata,
347 4461 481 4543 primum
513 4472 547 4524 ut
575 4465 707 4525 mundus
731 4457 823 4547 quain
848 4461 1027 4545 aptissImus
1056 4464 1097 4527 sit
1124 4466 1163 4527 ad
1191 4467 1454 4547 permanendum,

145 4554 255 4616 deinde
283 4567 317 4616 ut
339 4556 422 4618 nulla
445 4576 480 4618 re
504 4566 613 4645 egeat,
648 4555 781 4621 maxime
805 4571 905 4619 autem
928 4568 963 4618 nt
985 4556 1014 4619 in
1040 4579 1079 4622 eo
1109 4555 1224 4624 eximia
1251 4556 1454 4643 pulchritudo

144 4648 185 4710 sit
210 4658 304 4732 atque
327 4648 426 4712 omnis
449 4650 618 4714 ornatus.’'
642 4655 680 4717 de
702 4653 777 4717 Nat.
799 4650 971 4715 Deor.'II.
995 4652 1054 4728 22,
1086 4652 1142 4716 58:
1165 4689 1206 4699 -
1250 4655 1310 4729 ,A
1332 4665 1372 4718 te'
1386 4654 1453 4737 ipso

143 4744 294 4808 hesterno
324 4741 373 4805 die
401 4743 518 4809 dictum
547 4758 612 4824 est,
647 4764 739 4833 aanor
762 4745 920 4810 fatidicam
950 4748 1112 4833 πρόνοιαν
1142 4769 1160 4811 a
1186 4747 1305 4814 Stoicis
1333 4744 1449 4823 induci,
