3202 5318
150 212 249 375 66ι
302 336 307 345 ,
629 276 981 385 1666666666.

43 500 72 524 ,Ι
149 449 244 514 ducti
266 408 498 524 arctarentur,
527 446 560 511 ai
585 447 839 532 gladiatoribus
866 450 968 533 volgo
995 448 1091 512 locata
1118 446 1292 525 tributam,
1322 450 1467 517 etitem

144 543 299 627 prandia
321 541 354 606 ai
374 543 476 625 uolgo
495 553 608 605 eaaent
629 541 730 619 data,
756 553 879 606 contra
898 544 1009 626 legem
1031 541 1234 626 Calpurniam
1244 541 1397 636 factum
1417 547 1468 610 vi·

148 636 258 701 deri?
298 656 361 721 pro
384 636 523 700 Murena
545 635 604 714 82,
628 636 682 700 67.

504 813 686 881 Cumanus.
729 815 809 881 Vid.
832 815 932 881 loma
951 815 1111 902 agraria.

411 994 588 1062 Cauunnra
608 993 651 1058 de
672 995 840 1063 connubio
858 1006 1000 1080 patrum
1020 1009 1055 1060 et
1072 996 1193 1081 plebia.

134 1151 136 1154 ⁴
230 1121 380 1196 „Horma
407 1120 530 1196 (elecem
559 1115 717 1197 virorum)
745 1138 786 1180 ex
807 1116 958 1182 iniustitia
979 1117 1087 1183 subito
1109 1129 1224 1183 exorta
1252 1130 1301 1183 est
1329 1118 1464 1186 maxima

144 1212 346 1298 perturbatio
374 1223 406 1276 et
432 1212 531 1276 totius
552 1209 759 1276 commutatio
784 1211 831 1274 rei
855 1210 1018 1294 publicae,
1048 1211 1102 1296 qui
1125 1214 1246 1276 carabus
1269 1214 1386 1280 tabulis
1405 1212 1467 1281 iai-

123 1316 128 1329 ²
145 1330 280 1393 quarum
299 1307 405 1390 legum
428 1302 559 1380 additis,
583 1303 698 1387 quibus
714 1303 804 1368 etiam
821 1326 903 1388 quae
918 1303 1079 1369 disiunctis
1098 1306 1227 1388 populis
1248 1307 1344 1372 tribui
1357 1307 1467 1373 solent

144 1398 317 1480 connubia,
349 1401 429 1463 baec
448 1398 495 1462 illi
517 1409 552 1462 ut
569 1419 608 1461 ne
632 1398 717 1479 plebi
737 1408 770 1462 ct
790 1398 933 1481 patribus
960 1412 1082 1475 essent,
1114 1399 1367 1465 inhumanissima
1392 1401 1466 1486 lage

143 1504 335 1570 sanxerunt,
359 1513 439 1578 quac
457 1502 571 1576 postea
593 1489 764 1575 plebiscito
786 1493 950 1558 Canuleio
970 1494 1125 1578 abrogata
1147 1492 1226 1558 est.''
1248 1495 1287 1557 de
1304 1495 1389 1578 Rep.
1412 1494 1465 1559 ΙΙ.

143 1589 203 1667 37,
228 1588 281 1652 63.
305 1622 346 1635 -
367 1587 475 1663 „Anni
497 1588 544 1666 (u.
568 1609 598 1649 c.
621 1586 712 1666 308.)
733 1586 891 1670 principio
916 1589 955 1650 de
977 1586 1138 1652 connubio
1160 1597 1286 1671 patrum
1307 1600 1341 1653 ct
1358 1590 1465 1672 plebia

141 1684 180 1748 C.
199 1681 383 1746 06667666
403 1680 553 1745 tribunus
576 1679 679 1763 plebis
701 1680 901 1765 rogationem
916 1682 1159 1766 promulgavit,¹
1176 1702 1238 1766 qua
1255 1681 1466 1748 contaminari

140 1773 324 1861 sangarinem
359 1772 449 1841 snum
480 1787 588 1857 patres
618 1774 832 1858 confundique
865 1775 934 1838 iura
964 1774 1106 1859 gentium
1134 1776 1323 1841 rebantur.”
1383 1777 1465 1840 Lis.

141 1869 208 1934 IV.
232 1875 264 1932 1.
288 1903 328 1922 ν·
351 1869 452 1953 „Hoc
473 1869 599 1952 ipsum,
623 1890 663 1932 ne
685 1869 877 1933 connubium
898 1868 1043 1951 patribus
1065 1890 1135 1932 curn
1156 1871 1250 1952 plebe
1273 1881 1374 1948 esset,
1398 1890 1464 1933 uon

141 1963 312 2029 decemviri
330 1963 469 2028 tulerunt
491 1963 600 2045 paucis
620 1962 670 2025 bis
691 1961 779 2025 annis
801 1963 939 2045 pessimo
961 1963 1093 2045 publico
1115 1984 1185 2027 curn
1207 1984 1327 2028 summa
1347 1961 1464 2027 iniuria

138 2056 294 2141 plebia?”
337 2057 414 2121 Lis.
438 2056 501 2120 lv.
523 2059 555 2119 l.
580 2089 614 2102 -·
641 2056 753 2130 „Victi
769 2058 894 2121 tandem
911 2068 1017 2141 patres
1036 2068 1071 2120 ut
1087 2059 1125 2121 de
1144 2058 1306 2123 connubio
1320 2058 1465 2123 lcrretur

140 2146 351 2229 consensere,
375 2151 417 2214 ita
440 2149 574 2213 maxime
594 2149 655 2213 rati
674 2150 907 2214 contentionem
933 2154 973 2214 ‹lc
998 2146 1132 2234 plebeiis
1155 2151 1340 2216 consulibus
1362 2153 1464 2215 tribu·

139 2267 200 2310 nos
220 2257 274 2309 aut
292 2256 391 2310 totam
410 2243 614 2327 deposituros
633 2255 686 2307 aut
704 2257 780 2327 post
802 2245 918 2308 bellum
935 2246 1088 2310 dilaturos
1106 2266 1192 2321 esse,
1217 2256 1462 2331 contentamque

43 2378 45 2383 .
139 2331 265 2403 interim
289 2339 450 2403 connubio
472 2338 597 2421 plebem
624 2350 765 2421 paratam
788 2337 923 2406 delectui
943 2338 1052 2404 sore.’'
1095 2337 1176 2403 Liv.
1199 2338 1263 2404 lv.
1285 2339 1317 2402 6.
1362 2336 1462 2405 Cotti·
1487 2403 1497 2422 ¹.

139 2434 262 2500 Florus
282 2434 312 2499 1.
336 2434 389 2499 25.

165 2621 334 2690 Canaours
355 2621 550 2687 tribunicio.
594 2620 673 2685 Vid.
696 2622 838 2687 Parrum
859 2622 901 2686 de
921 2621 1069 2686 tribunis
1087 2621 1199 2707 plebia
1219 2620 1433 2702 reficiendis.

355 2798 522 2866 Ganuenta
544 2800 737 2865 tabellaria.
785 2800 862 2867 via.
884 2801 1027 2866 Pariana
1049 2802 1240 2867 tabellaria.

359 2977 527 3044 Cannours
549 2989 580 3041 ct
603 2979 758 3042 Srnvaut.
806 2979 884 3044 via.
907 2980 1063 3045 Pnauura
1085 2981 1237 3047 Parenta.

648 3154 770 3221 Castra
792 3157 951 3241 agraria.
1020 3134 1027 3151 ,

220 3283 304 3363 „Sp
334 3278 475 3344 Careiae
503 3291 533 3340 et
563 3279 723 3342 Proculus
748 3278 914 3363 Virginius
941 3280 1088 3345 consules
1118 3282 1162 3360 (6.
1186 3303 1220 3345 u.
1243 3282 1335 3361 267.)
1363 3282 1459 3350 facti.

130 3396 205 3453 vcum
233 3373 382 3438 Hernicis
405 3373 518 3435 loedus
539 3371 652 3447 ictum,
677 3371 747 3456 agri
769 3383 877 3455 partes
898 3375 977 3436 duae
999 3376 1181 3456 ademptae.
1203 3376 1274 3440 inde
1299 3378 1458 3443 dimidium

79 3524 81 3529 ,
134 3468 280 3544 Latinis,
305 3466 461 3528 dimidium
486 3464 572 3547 plebi
597 3465 756 3530 divisurus
778 3468 890 3529 consul
916 3465 1047 3531 Cassius
1072 3481 1157 3537 erat.
1188 3471 1356 3536 adiiciebat
1384 3471 1461 3536 bnic

135 3561 257 3626 marpeni
287 3561 357 3644 agri
383 3559 593 3644 aliquantum,
619 3581 711 3642 quem
737 3559 896 3643 pubiicum
921 3559 1083 3643 postidcri
1109 3583 1128 3626 a
1154 3563 1285 3646 privatis
1312 3564 1459 3630 crimina·

134 3659 250 3721 batur.
282 3655 314 3717 id
340 3655 456 3717 multos
480 3653 604 3736 quidem
632 3665 775 3735 patrum,
809 3655 897 3736 ipsoa
920 3674 1147 3738 possessores,
1181 3658 1325 3739 periculo
1350 3678 1458 3723 rerum

135 3770 261 3813 arrarum
283 3750 444 3811 terrebat.
479 3749 534 3811 sed
557 3760 588 3809 et
608 3748 734 3830 publica
759 3748 904 3830 patribus
930 3748 1150 3814 sollicitudo
1140 3764 1260 3829 inerat,
1283 3752 1460 3839 largitione

134 3844 296 3910 consulem
323 3843 519 3924 periculosas
543 3838 680 3906 libertati
707 3863 787 3925 opes
811 3854 955 3907 struere.
990 3853 1054 3906 tum
1075 3845 1208 3929 primum
1237 3848 1288 3910 lex
1309 3845 1461 3952 ogr-odra

133 3937 339 4022 promulgata
363 3947 426 4011 est,
452 3957 609 4020 nunquam
633 3936 745 3999 deinde
768 3939 928 4020 usquead
955 3939 1035 4002 banc
1057 3916 1288 4005 6666677666
1262 3961 1330 4005 arne
1355 3938 1459 4004 maxi·

135 4031 197 4095 mis
212 4031 349 4094 motibus
365 4051 470 4094 rerum
490 4031 625 4115 agitata.
649 4031 759 4095 consul
775 4031 855 4095 alter
875 4032 1039 4118 largitioni
1061 4033 1245 4109 resistebat,
1270 4031 1460 4098 auctoribus

127 4126 297 4209 patribus,
326 4146 384 4188 nec
407 4124 490 4188 omni
514 4127 608 4208 plebe
631 4125 852 4191 adversante?
896 4127 973 4193 Liv.
994 4128 1041 4193 ΙΙ.
1064 4130 1177 4193 ll.-
1201 4123 1410 4239 Γράφετωι
1416 4123 1458 4208 cin

133 4218 216 4307 μετὰ
234 4221 338 4287 touta
357 4214 396 4284 τὸ
415 4220 492 4302 τῆς,
490 4220 609 4298 touls&
623 4213 674 4284 66
663 4245 731 4305 χμα
751 4215 895 4287 τοιόνδε·
918 4219 1098 4330 arripuerat
1117 4223 1180 4288 τῶν
1193 4217 1361 4289 ὑπατικῶν
1375 4214 1459 4291 ἄπο·

133 4314 253 4422 δειχθῇ
255 4336 308 4378 ναι
330 4316 409 4378 δέκα
428 4309 504 4389 τοὺς
497 4308 788 4422 operiremur,
811 4310 928 4393 οἵτινες
946 4310 1116 4427 ὁρίσαντες
1138 4312 1196 4396 τὴν
1213 4317 1378 4402 δημοσίαν
1392 4294 1458 4404 pei·

137 4428 199 4492 ραν
219 4399 493 4486 οάτοδείξουσιν,ῐ
484 4397 564 4487 riona
586 4431 620 4472 τε
647 4409 700 4472 δεῖ
716 4410 938 4477 μισθοῦσθαι
963 4414 1018 4474 καὶ
1038 4399 1121 4489 ὅσην
1143 4409 1188 4474 τῶ
1215 4406 1307 4502 δήμῳ
1333 4413 1458 4519 ‹lacape-

135 4496 262 4576 θῆναι·
287 4495 405 4576 τοῑςδ’
429 4495 634 4577 ισοπολίταις
654 4524 687 4565 τε
710 4506 765 4566 καὶ
785 4497 997 4609 συμμάχοις,
1007 4496 1064 4567 ἐάν
1082 4527 1156 4568 τινα
1168 4477 1314 4590 6στερον
1328 4492 1457 4585 6666ῐῆ-

100 4591 102 4595 ’
122 4609 257 4697 'puram
275 4591 366 4684 κοινῇ
385 4589 678 4681 στρατευσάμενοι,
701 4590 738 4660 τὸ
754 4591 957 4678 imessdllor‘
942 4588 1092 4673 εκάστοις
1102 4593 1189 4662 κατὰ
1202 4592 1263 4674 τὰς
1277 4591 1458 4683 ὁμολογίας

133 4672 291 4792 ὖπᾰρχειν
305 4689 417 4793 μέρος·
439 4683 498 4767 τὴν
514 4690 593 4753 δὲ’
564 4683 689 4777 αἰρεσιν
709 4688 774 4754 τῶν
790 4684 917 4773 ἀνδρῶν
930 4691 986 4753 καὶ
1004 4684 1062 4769 τὴν
1077 4685 1236 4777 διανομὴν
1251 4689 1317 4759 νῦν
1328 4685 1457 4781 κλήροιν

134 4777 190 4841 καὶ
212 4768 371 4856 stillost
351 4799 418 4851 666
432 4780 486 4845 δεῖ
499 4782 676 4865 γενέσθαι,
698 4780 775 4863 τοὺς
794 4777 957 4862 εἰσιόντας
974 4781 1185 4853 ἐπιτελέσαι
1170 4779 1335 4864 cnutone.
1357 4804 1454 4852 coeto
