3202 5318
209 334 272 405 tte
693 324 846 399 INDEX
864 318 1049 400 Leonti.

208 480 346 556 lunius,
369 488 405 543 ut
429 490 527 559 tnepe
553 472 667 539 indicia
691 476 778 558 apud
800 472 990 541 Ciceronem
1014 486 1033 539 a
1053 472 1118 539 reis
1143 484 1317 551 uocantum
1348 495 1383 538 v.
1407 495 1438 541 e.
1460 472 1539 539 iudi·

208 576 293 641 cium
315 570 451 650 Verris,
475 566 628 638 Cluentii.
660 570 746 634 nnn.

686 730 820 795 Tuosne
841 730 885 795 de
905 729 1050 813 ambitu.

295 854 429 933 ,Causa
453 851 611 919 orationis
637 850 817 915 huiusmodi
841 850 887 932 (in
909 862 986 937 toga
1009 850 1157 933 candida)
1184 851 1216 915 in
1243 864 1352 917 senatu
1376 854 1539 917 habendae

46 972 52 989 ·
178 932 201 1013 s
210 950 364 1019 Ciceroni
396 948 477 1026 fuit,
511 948 598 1032 quod
624 966 696 1009 craso
727 944 760 1009 in
793 944 860 1009 dies
888 942 1013 1009 licentii
1042 947 1177 1009 ambitus
1207 958 1380 1032 augeretur
1408 960 1542 1031 propter

168 1064 176 1143 Ι·
207 1045 411 1131 prdenipnnm
441 1041 601 1110 Catilinae
628 1051 660 1103 et
686 1040 820 1104 Antonii
847 1039 1028 1114 andaciam,
1061 1051 1228 1104 censuerat
1251 1030 1398 1117 senitus,
1434 1053 1468 1106 ut
1491 1040 1542 1105 lex

165 1160 170 1217 ,ῡ
209 1137 346 1206 ambitus
377 1146 470 1202 assota
497 1136 593 1201 etiam
619 1155 691 1197 cum
720 1153 824 1216 poena
851 1135 1011 1209 ferretum
1046 1133 1141 1219 eiqne
1163 1133 1210 1198 rei
1233 1134 1276 1215 Q.
1302 1132 1435 1199 Mucius
1459 1136 1538 1202 Ors-

165 1222 169 1287 l
209 1224 311 1299 iliniis
333 1232 479 1297 tribunos
501 1229 607 1314 plebis
622 1230 862 1292 intercesserat.
907 1230 990 1293 Tun
1008 1224 1127 1293 Cicero
1151 1230 1294 1314 grauiter
1315 1241 1426 1293 senatu
1447 1231 1540 1294 inter·

168 1306 180 1403 l,
209 1327 385 1395 sessionem
407 1324 532 1391 ferente
554 1321 696 1389 surrexit
722 1333 818 1406 atque
839 1320 871 1384 in
900 1321 1070 1385 coitionem
1096 1321 1254 1387 Catilinae
1275 1332 1308 1387 et
1334 1324 1472 1389 Antonii
1495 1325 1540 1387 in·

179 1406 322 1487 “rectos
351 1430 400 1484 est
428 1430 503 1484 ante
525 1417 592 1482 dies
615 1414 818 1481 comitiorum
840 1414 997 1498 paucos.”
1040 1416 1203 1480 Asconius
1225 1437 1260 1499 p.
1283 1416 1337 1481 83.
1361 1417 1407 1482 et.
1432 1439 1467 1500 p.
1486 1419 1536 1483 85.

295 1515 431 1598 „Neget
458 1512 558 1577 fnisse
587 1522 709 1576 rectum
743 1507 847 1585 Cato,
883 1530 933 1573 me
957 1522 992 1574 et
1024 1512 1184 1574 consulem
1214 1523 1246 1574 et
1274 1512 1362 1596 legis
1389 1513 1538 1578 ambitus

210 1610 345 1675 latorem
370 1617 487 1671 ettam
511 1626 625 1673 serere
647 1615 739 1690 gesto
761 1604 928 1667 consulatu
950 1622 1075 1669 causam
1097 1607 1142 1670 Ι..
1165 1606 1322 1671 Murenae
1344 1605 1536 1693 attingere.”

207 1720 272 1786 pro
296 1702 435 1766 Murena
458 1702 497 1777 2,
523 1702 556 1765 3.
579 1698 625 1763 cl.
647 1700 686 1775 3,
711 1699 730 1763 5
753 1708 785 1761 et
806 1697 864 1773 32,
890 1699 943 1761 67.

297 1796 433 1883 „Atqsre
454 1796 533 1859 illud
555 1793 650 1858 etiam
673 1793 782 1856 audire
806 1812 822 1855 a
847 1804 880 1856 te
902 1793 1016 1876 cupio:
1046 1814 1164 1879 quare,
1190 1814 1260 1857 cnm
1288 1813 1351 1879 ego
1372 1796 1477 1877 legem
1499 1794 1540 1859 de

209 1890 344 1954 ambitu
364 1889 490 1954 tulerim
512 1912 553 1952 ex
571 1900 696 1953 sensatus
720 1888 888 1963 consulto,
913 1889 1036 1951 tulerim
1060 1888 1128 1951 sinc
1149 1888 1198 1969 vi,
1221 1889 1346 1953 tulerim
1368 1890 1467 1953 salvis
1490 1911 1544 1952 an·

208 1982 337 2065 epiciis,
360 1984 448 2047 salva
468 1984 541 2070 lege
563 1980 654 2047 Aelia
679 1990 711 2044 et
732 1980 846 2056 Fnlia,
871 1990 904 2043 tu
927 2001 996 2044 eam
1021 2003 1090 2047 esse
1112 1981 1213 2067 legem
1238 2003 1302 2047 non
1328 1994 1442 2065 potes:
1474 2004 1542 2046 cnm

209 2097 280 2142 mea
303 2077 354 2142 lex
376 2077 513 2142 dilucide
538 2089 644 2152 vetet,
667 2075 818 2149 biennio,
843 2096 912 2159 quo
932 2076 1010 2160 puis
1029 2086 1129 2159 petat
1145 2076 1361 2159 petiturueue
1382 2077 1447 2151 sit,
1469 2079 1545 2159 gla-

212 2170 369 2237 diatores
397 2172 499 2249 dare,
533 2172 669 2236 nisiex
695 2179 900 2233 testamento
919 2169 1132 2250 praestituta
1155 2168 1244 2232 dte’·
1287 2170 1318 2234 in
1347 2170 1460 2235 Vatin.
1484 2172 1540 2246 15,

209 2262 266 2329 37.
295 2301 336 2315 -
369 2265 475 2341 ,Acta
499 2286 567 2330 mea
589 2266 650 2328 sibi
673 2263 716 2327 ait
739 2260 922 2345 displicere.
969 2262 1049 2343 Qnis
1076 2260 1199 2326 nescit?
1231 2264 1285 2347 quii
1309 2265 1415 2349 legem
1444 2286 1543 2329 meam

209 2358 408 2439 contemnat,
431 2381 512 2444 quae
534 2359 671 2423 dilucide
696 2368 799 2430 uetat,
821 2356 1037 2441 gladiatores
1051 2357 1205 2434 biennio,
1228 2381 1297 2444 quo
1314 2358 1393 2444 quis
1402 2358 1544 2444 petierit

208 2464 273 2519 nist
291 2453 467 2539 petiturus
488 2452 551 2529 ait,
575 2452 685 2515 dare?
717 2472 780 2534 pro
803 2450 910 2515 Sestio
933 2453 991 2527 ol,
1017 2452 1091 2515 133.

296 2548 417 2629 ,Quod
432 2548 476 2611 ait
498 2549 594 2611 abeo
613 2547 715 2632 legem
738 2566 824 2608 stiam
840 2566 908 2609 esse
923 2557 1153 2627 contemptam,
1178 2545 1336 2631 significat
1350 2570 1438 2623 eam,
1463 2569 1542 2634 quae

211 2642 398 2707 auctoribus
427 2642 611 2706 consulibus
639 2643 750 2703 eodem
776 2638 936 2705 Cicerone
963 2651 994 2702 et
1020 2637 1063 2704 C.
1089 2641 1234 2705 Antonio
1262 2643 1304 2705 de
1325 2643 1459 2707 ambitu
1480 2645 1540 2707 lata

212 2746 260 2799 est
288 2735 387 2799 sntslto
413 2735 562 2800 severior
591 2756 683 2819 quiam
711 2733 814 2798 leserat
840 2733 891 2796 illa
923 2730 1115 2816 Calpurnia:
1147 2735 1429 2817 praescribebatur
1460 2738 1540 2802 enim

211 2829 295 2893 inter
318 2841 444 2904 cetera,
467 2850 510 2892 ne
531 2829 736 2893 candidatus
756 2839 837 2890 onte
859 2829 1032 2892 biennium
1053 2849 1157 2913 quana
1185 2829 1433 2914 magistratum
1455 2832 1542 2914 peti·

210 2932 314 2987 meus
333 2934 440 2999 esset,
465 2944 591 2987 munus
610 2925 741 3005 populo
763 2922 895 2996 ederet,
920 2936 1056 3005 propter
1078 2924 1227 2987 ambitum
1251 2925 1388 3001 scilicet,
1420 2948 1458 2989 ne
1482 2926 1544 2990 boc

210 3014 283 3097 ipso
302 3016 468 3099 popularis
486 3018 608 3081 animus
627 3015 803 3078 eblanditus
823 3014 1036 3099 designationi
1052 3017 1119 3081 eius
1135 3019 1393 3082 succumberet.’'
1431 3022 1543 3085 Schol.

212 3108 299 3174 Bob.
321 3130 382 3192 pro
406 3110 510 3173 Sentio
533 3132 567 3193 p.
592 3110 665 3174 309.
704 3110 748 3173 cl.
772 3130 808 3191 p.
832 3110 907 3172 321.

299 3204 441 3285 „Poena
460 3205 605 3288 grauior
620 3205 656 3267 in
671 3204 805 3287 plebem
830 3215 883 3266 tna
906 3225 988 3268 voce
1012 3205 1181 3290 efflagitata
1198 3220 1261 3283 est;
1284 3209 1438 3272 commoti
1453 3208 1544 3272 animi

213 3296 413 3372 tenuiormn3
435 3328 477 3341 -
500 3299 665 3363 exsilium
686 3299 722 3361 in
737 3311 896 3362 nostrum
914 3299 1089 3362 ordinem:
1110 3304 1269 3365 concessit
1288 3316 1414 3365 senatus
1435 3316 1544 3385 postu·

210 3388 322 3455 buoni
337 3404 432 3456 tinae:
457 3393 568 3456 morbi
582 3391 802 3456 excusationi
813 3413 928 3475 poeno
941 3393 1062 3456 addito
1076 3395 1154 3458 est.''
1177 3418 1239 3481 pro
1259 3399 1399 3461 lllurena
1415 3397 1473 3471 23,
1491 3400 1542 3460 lt.

298 3484 387 3569 „Sed
408 3486 485 3572 quid
506 3507 571 3570 ego
595 3496 725 3548 matrem
744 3496 798 3547 aut
814 3487 941 3550 domum
957 3487 1103 3570 appello,
1128 3498 1221 3573 quem
1238 3513 1322 3555 nova
1339 3512 1445 3574 poena
1464 3492 1542 3573 legis

213 3590 246 3645 et
267 3582 362 3645 domo
386 3593 418 3644 et
439 3591 572 3663 parente
595 3591 627 3643 et
650 3580 788 3642 omnium
811 3601 943 3644 snorum
968 3584 1195 3647 consuetudine
1214 3598 1456 3671 conspectuque
1475 3582 1541 3670 pri·

211 3666 292 3738 vit?
314 3673 379 3738 lbit
401 3672 500 3761 igitur
522 3672 554 3737 in
577 3673 723 3738 exsilium
748 3673 892 3737 miser?''
935 3696 998 3758 pro
1023 3674 1160 3739 Murena
1185 3680 1244 3753 4¹,
1269 3680 1324 3745 89.

297 3762 387 3850 „Hic
409 3768 501 3832 etiam
520 3766 685 3843 addidisti,
710 3789 758 3832 me
777 3766 899 3832 idcirco
918 3791 986 3831 mea
1002 3769 1074 3855 lege
1092 3768 1208 3836 exsilio
1223 3766 1371 3837 ambitum
1387 3773 1540 3850 sanxisse,

211 3872 248 3927 nt
268 3862 520 3927 miserabiliores
541 3860 692 3947 epilogos
715 3884 841 3944 possem
865 3863 1006 3926 dicere.”
1037 3885 1097 3946 pro
1122 3864 1254 3931 Plancio
1278 3869 1334 3943 31,
1358 3866 1415 3937 83.

299 4010 315 4039 „
327 3958 396 4021 Nec
412 3956 616 4042 ignoramus,
641 3969 773 4020 anctore
791 3956 862 4039 ipso
879 3956 1041 4023 Cicerone
1056 3971 1088 4021 et
1107 3957 1149 4024 C.
1170 3963 1314 4027 Antonio
1330 3984 1422 4031 cons.
1441 3965 1544 4049 legem

213 4050 469 4141 severiorem-de
495 4049 613 4114 ambitu
635 4050 793 4133 puniendo
817 4050 985 4133 scriptam,
1016 4052 1105 4115 enim
1132 4056 1269 4119 meminit
1293 4078 1355 4139 pro
1381 4059 1543 4122 Murena:

212 4164 283 4208 nam
318 4145 505 4210 elementior
531 4144 728 4230 aliquatenus
758 4146 927 4209 videbatur
960 4147 1014 4210 lex
1043 4146 1141 4211 luime
1175 4147 1389 4232 Calpurnia.''
1434 4152 1545 4217 Schol.

214 4239 303 4304 nou.
324 4261 387 4323 pro
408 4238 543 4305 Plancio
565 4261 600 4320 p.
624 4240 698 4304 269.
1287 4239 1294 4252 ‘

298 4336 464 4415 „Poenam
490 4334 530 4397 de
561 4333 680 4397 ambitu
714 4332 897 4420 graviorem
923 4338 1071 4402 consules
1100 4338 1142 4405 C.
1174 4338 1336 4405 Antonius
1366 4352 1398 4404 et
1428 4339 1546 4406 Cicero

212 4441 408 4504 sanxerunt,
442 4440 477 4490 ut
505 4439 636 4511 praeter
663 4429 741 4491 haec
771 4429 935 4492 veteribus
964 4430 1089 4516 legibus
1116 4433 1311 4513 (Cornelia,
1342 4434 1548 4518 Calpurnio)

213 4520 387 4584 constituta
415 4521 509 4585 etiam
538 4522 637 4586 exilio
667 4522 912 4586 multarentur.'’
956 4524 1068 4590 Sebol.
1099 4527 1186 4590 Boh.
1214 4550 1277 4610 pro
1300 4527 1388 4591 Sulla
1411 4550 1446 4611 p.
1472 4526 1546 4591 362.

289 4609 403 4694 Ἔδοξε
424 4617 465 4698 τῆ
485 4618 591 4700 βουλῇ
619 4618 697 4683 δέκα
718 4618 797 4684 ἐτῶν
815 4615 926 4709 φυγὴν
947 4620 1007 4685 τοῦ
1027 4621 1263 4709 Κικέρωνος
1283 4624 1316 4700 ἐς
1338 4619 1379 4688 τὰ
1399 4618 1545 4708 μάλιστα

213 4697 404 4791 ἐνάγοντος,
434 4688 505 4787 τὀῖς
527 4689 703 4796 ἐπὶτιμίοις
722 4715 793 4788 τοῖς
813 4712 863 4776 ἐπὶ
887 4711 933 4803 τῷ
954 4714 1106 4806 δεκασμῷ
1128 4720 1338 4813 τεταγμένης
1358 4736 1545 4809 προσνομο-

213 4800 371 4884 duriore.
412 4801 479 4869 Dio
502 4800 600 4871 Cass.
622 4802 818 4871 xxxvu.
840 4803 895 4870 29.
