3202 5318
554 333 706 401 INDEX
726 336 908 402 LEGUM.
1331 344 1394 406 tna

60 478 102 539 ad
126 474 251 561 equites
269 473 533 538 transferrentur.
578 474 623 538 Hi
645 474 688 538 ita
712 497 825 539 severe
849 476 1046 553 iudicabant,
1074 490 1110 542 ut
1134 479 1204 562 ipso
1229 481 1394 548 Cicerone

58 582 144 635 toste
176 569 208 632 in
231 569 330 631 Verr.
352 569 430 632 Act.
457 567 487 631 1.
512 589 542 631 c.
563 569 615 630 13.
639 591 795 651 utinquam
819 591 915 652 eques
936 571 965 632 in
990 571 1136 636 iudicium
1160 586 1213 637 aut
1234 576 1390 659 suspicio·

60 684 135 727 nem
161 674 277 743 captae
302 663 457 744 pecuniae
483 673 618 743 propter
644 684 709 725 rem
732 662 926 725 iudicandam
955 677 1087 728 vocatus
1111 666 1162 729 sit.
1208 668 1270 729 Sed
1299 681 1389 731 erant

60 771 167 821 tannen
186 754 361 839 iniquiores
381 755 522 829 senatui,
547 767 577 816 et
598 774 672 818 reos
697 766 862 819 senatores
879 757 969 821 nimis
992 759 1103 840 cupide
1123 760 1385 837 condemnabant,

60 854 93 914 in
121 851 255 932 primis,
286 850 313 911 si
338 869 431 932 quem
459 850 626 911 constabat
656 861 709 912 aut
732 850 762 911 in
786 862 896 912 senatu
919 862 970 913 anit
992 851 1022 912 in
1046 853 1231 935 magistratu
1256 853 1389 934 provin·

61 946 135 1007 ciali
161 942 337 1025 publicanis
363 941 597 1023 impudentibus
620 942 779 1007 nonsatis
803 943 983 1007 indulsisse.
1036 944 1147 1030 Itaque
1173 967 1243 1008 cum
1269 946 1389 1009 frustra
1488 948 1492 961 '

60 1039 137 1121 lege
159 1035 261 1100 Livio
285 1047 316 1098 et
337 1035 477 1101 Plautia
504 1034 725 1111 intumescet,
759 1046 795 1098 nt
816 1036 974 1119 equitibus
997 1049 1029 1099 et
1055 1039 1256 1102 senatoribus
1286 1053 1390 1102 essent

60 1129 242 1196 communia
269 1127 403 1201 iudicia,
434 1131 479 1191 L.
509 1129 596 1191 Sulla
621 1132 744 1192 tandem
770 1130 908 1191 restitnit
932 1131 1131 1193 senatoribus
1152 1132 1282 1197 iudicia.
1327 1135 1391 1197 Sed

61 1247 102 1288 ne
129 1236 197 1286 trun
220 1221 366 1306 quidem,
398 1232 473 1284 ute
499 1219 657 1285 Cicerone
683 1221 715 1285 in
742 1221 913 1305 primisque
935 1223 1085 1286 Verrinis
1112 1224 1260 1311 intellig?
1271 1239 1390 1309 potest,

60 1329 154 1382 recte
180 1316 375 1379 indicabant.
419 1317 549 1399 ltaque,
580 1337 650 1376 cum
679 1314 732 1378 diu
766 1318 855 1397 plebs
883 1319 921 1379 de
942 1316 1064 1379 iudiciis
1087 1306 1168 1380 esset
1195 1334 1386 1404 conquesta,

61 1425 95 1475 ct
129 1411 302 1472 verendum
330 1420 432 1483 esset,
467 1431 505 1471 ne
528 1408 698 1471 seditiosus
722 1409 865 1471 tribunus
897 1410 1007 1493 aliquis
1033 1410 1104 1472 inde
1125 1414 1287 1478 seditionis
1317 1437 1388 1477 mo·

60 1505 187 1569 rendae
210 1502 411 1566 occasionem
438 1503 611 1585 arriperet,
644 1503 746 1587 legem
772 1503 991 1566 iudiciariam
1011 1503 1081 1565 tulit
1106 1508 1226 1581 Cotto,
1258 1521 1388 1591 praetor

59 1595 224 1678 Pompeio
252 1609 283 1659 et
308 1595 429 1659 Crasso
456 1596 503 1660 11.
528 1615 633 1671 coss.,
664 1595 695 1657 in
720 1618 781 1677 qua
805 1599 866 1659 boc
889 1608 1137 1679 temperamento
1162 1621 1236 1663 usus
1260 1614 1324 1677 eat,
1355 1613 1390 1665 ut

60 1690 214 1757 omnibus
239 1690 403 1753 ordinibus
424 1690 638 1764 satisfaceret,
663 1693 749 1773 quod
767 1691 844 1753 nulli
865 1689 1021 1753 iudicandi
1036 1703 1177 1773 potestas
1196 1693 1386 1777 eriperetur.

61 1787 178 1871 ltaque
206 1805 248 1847 ex
273 1784 326 1846 illa
353 1784 424 1868 lege
448 1784 627 1845 iudicarunt
652 1795 842 1859 senatores,
876 1784 1006 1870 equites
1031 1796 1063 1846 et
1091 1806 1107 1847 e
1137 1786 1231 1867 plebe
1258 1786 1390 1850 tribuni

60 1877 208 1941 cerarii.
253 1880 335 1941 Nam
359 1880 446 1962 quod
468 1876 609 1940 Velleius
632 1877 680 1940 ΙΙ.
702 1876 754 1940 32.
776 1879 900 1941 duobus
927 1878 1090 1942 ordinibus
1112 1879 1224 1942 indicia
1248 1901 1264 1942 a
1289 1878 1387 1945 Cotta

60 1974 132 2035 data
155 1971 326 2047 dicuntur,
357 1971 388 2034 id
411 1972 465 2047 iit,
497 1971 570 2054 quia
592 1971 793 2034 tribunorum
815 1974 898 2035 ordo
921 1993 983 2033 non
1008 1984 1209 2049 numeratur,
1239 1986 1272 2036 ut
1297 1985 1387 2036 sexta

63 2065 176 2128 classis
201 2085 315 2129 census
332 2064 482 2128 Tulliani.
500 2065 579 2129 vid.
602 2064 793 2147 interpretes
806 2067 843 2125 ad
857 2065 880 2126 l.
898 2086 929 2127 c.
973 2067 1064 2129 Unde
1080 2079 1109 2129 ct
1123 2066 1279 2130 interdum
1294 2088 1388 2129 seua·

60 2171 147 2223 torcs
175 2170 300 2221 tantum
333 2170 365 2221 et
402 2157 525 2241 equites
552 2169 784 2233 memorantur,
820 2169 853 2219 ut
886 2180 947 2239 pro
978 2160 1115 2223 Fonteio
1145 2184 1174 2225 c.
1204 2162 1256 2224 12.
1299 2162 1385 2224 Eun.

60 2254 110 2318 Dc
134 2253 274 2317 tribunis
301 2251 448 2329 aerariis,
473 2273 610 2336 quorum
639 2253 800 2315 Asconius
829 2254 860 2316 in
884 2252 1049 2316 Ciceronis
1076 2276 1126 2317 or.
1155 2254 1185 2318 1.
1213 2275 1273 2336 pro
1301 2252 1387 2317 Cor-

61 2346 145 2412 nelio
168 2346 258 2410 etin
282 2348 396 2411 Pison.
421 2368 451 2408 c.
478 2348 530 2410 39.
564 2346 594 2407 in
616 2346 715 2408 divin.
742 2346 861 2411 Caecil.
882 2369 911 2409 c.
941 2347 972 2411 3.
998 2347 1184 2411 mentionem
1211 2345 1303 2419 iecit,
1336 2356 1385 2406 ta-

60 2454 130 2505 cent
151 2441 246 2504 Vett.
268 2442 398 2505 Patere.
419 2441 467 2504 11.
490 2441 541 2503 32.
559 2439 630 2504 Cic.
657 2461 716 2521 pro
734 2438 861 2504 Cluc'nt.
882 2443 934 2502 17.
955 2451 986 2501 et
1007 2442 1118 2504 Schol.
1140 2443 1179 2502 ad
1199 2441 1300 2502 Verr.
1321 2448 1384 2497 act.

59 2535 89 2599 1.
110 2556 142 2598 c.
166 2538 225 2610 1.,
256 2555 321 2597 non
348 2536 434 2618 quod
460 2532 596 2608 tribuni,
626 2553 707 2617 quae
732 2534 812 2596 Ant.
839 2532 1013 2617 Augustini
1035 2535 1086 2610 (de
1111 2534 1174 2618 leg.
1201 2542 1232 2593 et
1257 2540 1384 2592 senatus

59 2649 148 2693 cons.
177 2650 215 2691 v.
244 2627 403 2708 Aurelio)
426 2628 578 2690 sententia
604 2639 671 2702 est,
703 2630 741 2688 ad
767 2626 888 2710 equites
915 2626 1138 2708 pertinuerint,
1172 2645 1274 2708 neque
1297 2625 1385 2708 quod

58 2724 262 2787 omanorum
275 2722 359 2784 ordo
375 2733 555 2785 numeratus
572 2720 708 2795 nonsit,
727 2731 762 2784 ut
773 2720 939 2785 Ernestius
955 2720 1081 2795 statuit,
1100 2723 1155 2783 sed
1170 2721 1257 2804 quod
1272 2739 1312 2780 cx
1332 2738 1381 2784 re.

60 2837 138 2901 quac
158 2816 311 2899 potiores
330 2826 440 2897 partes
462 2815 619 2889 continet,
644 2826 784 2878 totores
807 2814 962 2897 appellata
980 2826 1044 2891 est,
1069 2836 1134 2899 quo
1154 2816 1249 2877 modo
1274 2812 1385 2874 Ruhn-

60 2909 165 2974 lenius
191 2930 262 2972 reni
286 2909 425 2991 explicat
447 2911 487 2972 ad
508 2907 627 2972 Vellei.
652 2910 674 2971 l.
698 2909 721 2970 l.
746 2908 899 2971 Knnuzn.
944 2907 1045 2972 Cous.
1069 2908 1161 2971 ctiam
1185 2907 1330 2972 Cocum.

521 3096 676 3156 Auunnrn
701 3094 755 3176 [cle
776 3093 931 3175 ambitu}

140 3244 256 3320 ‚lllnd
280 3257 416 3307 caveto:
452 3256 483 3307 et
509 3265 548 3307 co
577 3257 673 3325 puto,
708 3264 766 3325 per
787 3241 1000 3323 Pomponium
1026 3242 1197 3306 fovendum
1226 3243 1284 3305 tibi
1313 3265 1381 3306 csse

45 3338 156 3425 ’μιιιι
178 3338 410 3415 Hortensium,
435 3359 474 3400 nc
491 3337 544 3399 ille
565 3359 691 3410 versus,
717 3336 771 3418 qui
798 3336 827 3397 in
852 3349 881 3398 te
909 3347 976 3397 crat
994 3337 1148 3425 collatus,
1179 3359 1248 3401 cum
1273 3337 1381 3399 aedili·

56 3444 149 3499 tatcrn
172 3436 332 3516 petebas,
357 3434 395 3493 dc
416 3433 489 3514 lege
505 3431 666 3507 Aurelio,
692 3430 773 3494 salso
797 3429 978 3493 testimonio
1005 3431 1244 3493 confirmetur.''
1276 3433 1314 3491 ad
1336 3430 1380 3510 Q.

57 3528 96 3593 fr.
118 3528 152 3593 1.
178 3550 232 3608 ep.
259 3528 297 3602 33
323 3527 355 3587 S.

139 3621 299 3694 Videtur,
331 3631 480 3702 quantum
502 3641 518 3679 c
542 3630 692 3681 contextu
720 3617 857 3679 iudicare
881 3619 973 3692 licet,
998 3618 1038 3678 de
1062 3618 1191 3679 nnrbitu
1216 3617 1381 3678 sanxisse:

58 3714 259 3797 quodetiam
285 3713 451 3775 ridebatur
474 3712 622 3775 illanutio
647 3715 684 3773 ad
708 3713 729 3773 l.
754 3736 781 3776 c.
819 3713 866 3775 Ea
891 3711 980 3773 cuius
1002 3712 1135 3773 Aurelii
1156 3710 1270 3784 fucrit,
1302 3731 1380 3771 non-

57 3809 125 3871 dnrn
147 3808 294 3891 repperi.
341 3809 425 3869 Eun.

10 3916 13 3941 l

648 3985 787 4046 Barnun.

138 4134 345 4214 ,Praetores
368 4143 518 4216 quattuor
544 4144 618 4213 post
644 4134 757 4193 inultos
784 4154 882 4194 annos
909 4134 952 4210 (a.
978 4156 1010 4193 u.
1036 4131 1124 4208 573.)
1154 4130 1226 4212 lege
1253 4129 1379 4208 Baebia

61 4230 172 4302 creari,
196 4249 281 4310 quac
302 4227 430 4288 alternis
453 4238 626 4308 quaternos
649 4225 777 4286 iubebat
803 4226 940 4288 crcari.’'
986 4226 1062 4287 Lis.
1086 4225 1164 4286 XL.
1190 4226 1242 4286 11.

135 4322 261 4407 Pigbio
283 4321 415 4397 (Annal.
438 4322 480 4384 T.
502 4322 552 4384 ΙΙ.
576 4341 608 4399 p.
634 4319 705 4380 art.
730 4331 760 4380 ct
778 4341 810 4399 p.
830 4320 920 4397 330.)
935 4319 996 4379 lata
1014 4318 1137 4379 vidctm·
1152 4338 1168 4376 a
1185 4316 1236 4378 M.
1255 4317 1375 4380 Baebio

63 4428 258 4493 praetores.
284 4437 317 4478 ιι.
343 4437 372 4476 c.
396 4416 470 4476 tot.
515 4411 708 4476 Dissuasissc
725 4414 776 4474 tlt.
795 4412 967 4483 Catonem,
992 4434 1034 4474 ne
1052 4415 1109 4474 lex
1134 4412 1260 4474 Baebia
1279 4414 1377 4476 ‹lero—

66 4522 217 4584 :oretun
242 4521 377 4591 apparet
393 4531 433 4570 ex
450 4510 547 4571 chto
572 4529 599 4569 s.
619 4528 649 4567 v.
666 4509 790 4588 Rogat.
834 4506 932 4570 Conl.
958 4508 1002 4568 H.
1021 4504 1150 4581 lllcycri
1165 4506 1263 4568 nostri
1280 4508 1373 4570 Orat.

67 4602 150 4668 llom.
172 4605 296 4690 fragm.
320 4625 353 4685 p.
376 4603 429 4665 69.

188 4784 325 4847 Bucam
349 4779 523 4847 Consciae
544 4783 586 4847 dc
608 4783 749 4845 nrnbitu.
795 4779 873 4842 l'id.
899 4775 1073 4843 consens
1097 4778 1237 4840 Barnun.
