3204 5296
598 344 1029 418 GRAECO-LATINUS.
1431 356 1473 420 11

139 484 172 547 5.
220 486 292 550 Per
320 486 390 554 ἅνω
415 489 502 553 κάτω
524 484 569 551 ibi
591 486 793 573 significatur
814 492 924 555 ecbola
947 489 1156 568 Academica,
1191 492 1266 577 quia
1287 493 1472 559 Academici

138 581 177 641 dr
202 580 355 644 omnibu·
375 580 410 645 in
433 593 744 668 utramquepartem
768 583 931 666 disputare
953 587 1112 650 nolebant.
1167 585 1285 649 Similia
1306 599 1354 651 eet
1374 589 1475 653 inter·

136 674 283 755 pretatio
304 673 398 738 huius
419 676 578 741 formulae
600 680 686 760 apud
708 678 867 742 suidam:
900 677 994 745 ”Avo
1020 680 1118 746 κάτω·
1134 672 1172 746 rd
1192 682 1299 749 aelata
1317 688 1474 750 λῶοικι-
1534 748 1542 771 ,

135 783 213 835 νεῖν.
273 769 392 835 Cicero
426 770 524 856 igitur
551 770 575 835 l.
603 772 626 834 l.
650 794 721 836 cum
744 773 842 836 dicit:
873 773 967 839 ”Arm
997 775 1085 839 κάτω
1103 775 1135 838 si
1155 774 1240 860 quid
1260 787 1329 852 eat,
1363 788 1415 840 eat
1436 777 1473 841 in

134 866 292 929 Ariete:
326 864 487 951 siguificat
508 865 655 931 Aristum
691 864 749 930 illo
781 879 929 950 tempore
959 867 1161 950 potissimum
1189 869 1399 934 Academicac
1425 891 1476 935 ae·

135 970 209 1023 ctae
232 960 357 1022 laudem
381 960 552 1024 erratinere.
601 961 770 1025 Sonuere.
796 961 904 1024 Aliter
927 960 1086 1040 Orelliue,
1108 983 1202 1046 quem
1226 962 1347 1027 videar.

218 1053 314 1120 ”Are
340 1060 504 1139 ποταμῶν.
556 1055 679 1138 Supple
712 1076 753 1118 ex
783 1055 938 1137 Euripide
967 1076 1096 1118 vernum
1123 1061 1218 1143 ἱερῶν
1236 1063 1385 1146 χωροῦσι
1410 1058 1474 1126 παὶ

139 1160 216 1231 γαί,
248 1169 391 1212 aureum
412 1171 530 1213 ceraue
551 1170 731 1217 sacrorum
740 1150 942 1245 fluminum
957 1148 1140 1242 feruntur
1148 1149 1293 1240 fontea.
1337 1155 1376 1216 ad
1398 1156 1472 1218 au.
1552 1172 1556 1179 ·

139 1243 226 1305 XV.
250 1244 288 1318 d,
325 1247 357 1307 1.
380 1243 403 1309 i.
428 1265 459 1306 e.
482 1264 590 1306 rerum
613 1246 696 1309 ordo
720 1245 869 1308 vertitur.
920 1245 1138 1309 Proverbium
1161 1246 1200 1309 de
1227 1247 1324 1310 rebua
1350 1250 1474 1315 ἀδυνά-

140 1362 231 1413 τοις,
259 1358 323 1421 quo
345 1356 441 1420 caepe
463 1338 512 1400 usi
534 1350 607 1400 arant
630 1343 767 1420 po'e‘tae,
792 1360 818 1405 e.
841 1361 872 1402 c.
896 1339 1032 1405 Ovidius
1055 1340 1141 1403 Her.
1163 1338 1211 1402 V.
1234 1339 1300 1418 30.,
1328 1343 1385 1406 uhi
1407 1345 1473 1409 vid.
1589 1382 1595 1396 ι

141 1432 458 1512 interpretentur.
483 1433 579 1496 Illum
601 1432 707 1496 locum
730 1433 777 1496 aie
799 1433 991 1498 Germanice
1013 1446 1144 1498 vertar:
1166 1454 1267 1496 menn
1287 1437 1371 1501 taber
1384 1438 1474 1501 oracli

140 1524 363 1617 Corfuleuua
383 1528 565 1610 r'e‘bergeltt,
590 1528 684 1590 donn
706 1529 806 1592 ltelart
827 1527 901 1591 rich
922 1528 977 1592 die
1004 1527 1094 1592 Welt
1119 1549 1191 1592 um.
1237 1531 1408 1594 Sonuere.

222 1624 345 1699 Ἀξία,
379 1624 571 1686 vocabulum
594 1621 757 1698 Stoicum,
790 1624 877 1707 quod
896 1622 983 1686 illam
1006 1622 1055 1685 rei
1077 1620 1308 1706 proprietatem
1332 1623 1470 1703 indicat,
1587 1694 1590 1703 ,

139 1735 200 1798 qua
232 1715 270 1777 lit
301 1715 504 1780 aestimabilia
530 1729 562 1780 et
591 1717 686 1801 digna
718 1737 800 1801 quae
822 1717 974 1801 diligatur
996 1729 1049 1779 aut
1071 1715 1139 1780 aliia
1161 1717 1386 1800 praeferaturr
1421 1722 1469 1800 id,

138 1812 226 1893 quod
248 1809 329 1873 lacit
352 1821 386 1874 ut
408 1831 461 1874 ree
484 1811 567 1876 iuter
582 1825 773 1900 προηγμένα
795 1810 974 1887 referatur,
997 1812 1134 1895 pondua
1149 1813 1294 1895 dignum
1308 1815 1472 1880 nectimu-

137 1903 244 1967 tione.
270 1905 356 1968 Ean.
397 1906 501 1970 Immo
524 1918 571 1970 ert
593 1901 795 1971 aestimatio
815 1905 905 1987 ipaa,
937 1906 969 1968 id
991 1908 1078 1990 quod
1101 1918 1234 1988 apparet
1256 1928 1296 1969 ex
1319 1908 1397 1972 locia
1416 1910 1473 1996 qui

137 2010 341 2082 sequuntur:
378 2001 610 2082 „Aestimabile
632 2021 702 2064 ease
725 2000 864 2064 dicitur:
899 2000 947 2063 sic
968 2001 1071 2078 enim,
1102 2000 1296 2082 mopinot,
1330 2004 1473 2086 appelle-

139 2115 207 2156 mus
231 2093 283 2169 id,
318 2097 408 2178 quand
429 2107 483 2158 aut
504 2095 608 2177 ipsum
631 2097 802 2158 secundum
825 2106 969 2157 naturam
991 2094 1035 2157 ait
1057 2104 1110 2157 aut
1139 2094 1202 2157 tale
1228 2094 1306 2179 quit
1333 2096 1468 2174 efficiat,

137 2198 171 2251 ut
193 2189 371 2253 aelectione
400 2189 530 2275 dignum
560 2202 734 2272 propterea
756 2189 816 2263 ait,
848 2191 935 2273 qrrod
958 2190 1087 2273 aliquod
1123 2190 1249 2270 pondus
1279 2190 1393 2254 habeat
1424 2193 1471 2254 di·

104 2272 107 2277 ’
138 2305 235 2367 guum
269 2284 512 2360 aestimatione,
535 2304 628 2369 quiam
652 2284 706 2347 ille
739 2288 837 2363 ἀξίαν
857 2297 976 2348 vocat:
1011 2295 1187 2366 contraque
1213 2282 1469 2361 inaestimabile,

139 2380 230 2460 qrrod
252 2377 294 2440 ait
309 2377 719 2461 superiori·contrarium.''
743 2383 781 2442 de
798 2378 891 2442 Finu.
909 2378 977 2443 III.
1001 2379 1031 2454 ⁶,
1055 2378 1165 2440 00.-
1195 2378 1304 2458 „Nam
1327 2398 1397 2441 cum
1420 2399 1473 2442 ae·

137 2470 295 2548 atinatio,
320 2488 403 2558 quae
425 2477 503 2552 ἀξια
519 2472 654 2550 dicitur,
676 2493 779 2559 neque
802 2473 832 2535 iu
855 2473 948 2538 bouis
971 2481 1135 2536 numerata
1156 2468 1212 2547 ait,
1236 2490 1339 2555 neque
1360 2490 1471 2541 ruraua

137 2564 168 2627 in
192 2566 308 2630 malis:
342 2581 622 2653 quantumcunque
650 2588 690 2632 eo
713 2567 889 2643 addideris,
925 2565 960 2629 in
982 2588 1041 2631 auo
1065 2586 1184 2652 genere
1206 2565 1385 2630 mauebit.''
1430 2571 1470 2632 de

138 2659 236 2723 Finn.
263 2661 331 2724 III.
356 2664 415 2738 10,
441 2663 495 2726 ut.

220 2757 462 2834 Ἀξιοπίστως,
485 2757 665 2835 cumfide,
687 2753 946 2840 probabiliter(
973 2755 1085 2837 „Nihil
1106 2758 1146 2819 ab
1177 2775 1217 2818 eo
1249 2766 1311 2816 tam
1342 2758 1471 2834 ἀξιοπί-

136 2879 219 2927 στως
241 2851 279 2930 (i.
305 2874 335 2914 e.
358 2863 420 2913 tam
444 2853 591 2934 apposite
614 2855 653 2914 ad
675 2853 940 2933 persuadendum)
966 2851 1043 2927 dici,
1066 2870 1160 2935 quam
1178 2847 1388 2914 alienissimos
1410 2874 1470 2917 nos

142 2967 256 3010 essee
281 2945 434 3011 Caesare.
444 2945 461 2972 ”
506 2948 545 3008 ad
567 2948 637 3012 Au.
660 2946 763 3010 XIII.
788 2947 827 3008 37
840 2991 850 3021 ,
875 2947 906 3010 2.

220 3044 393 3124 Ἀξίωμα,
429 3041 663 3117 enuntiatum,
697 3039 877 3132 effatum,
913 3039 1118 3103 enuntiatio.
1175 3039 1325 3119 „Nempe
1354 3040 1469 3105 lunda·
1567 3087 1576 3109 2

135 3146 272 3197 mentum
288 3134 475 3197 dialecticae
493 3147 556 3210 est,
581 3136 734 3220 quidquid
753 3137 934 3198 enuntietur
955 3136 1002 3215 (id
1024 3147 1128 3197 autem
1146 3131 1309 3216 appellant
1324 3136 1466 3220 ἀξίωμα,

135 3232 224 3311 qrrod
247 3241 295 3291 cst
319 3229 409 3312 quiesi
433 3229 584 3309 ellatum)
615 3242 668 3293 aut
692 3251 802 3294 verum
827 3252 895 3293 esse
922 3241 975 3292 arnt
1003 3228 1158 3292 falsum.''
1203 3228 1310 3291 Acad.
1334 3228 1383 3294 11.
1408 3231 1466 3309 29,

136 3327 189 3388 95.
204 3323 489 3405 -,Explicauda
513 3324 561 3386 vis
583 3336 631 3387 est
653 3325 801 3409 ratioque
825 3323 1095 3401 enuntiationum,
1120 3346 1200 3408 quae
1222 3323 1342 3388 Graeci
1371 3330 1469 3408 ἀξιῶ.

139 3446 235 3503 ματα
258 3419 418 3482 vocant.''
442 3421 482 3481 de
503 3420 586 3483 fato
611 3425 647 3496 1,
672 3425 703 3483 1.
718 3457 758 3468 -
773 3421 831 3495 ,Si
855 3433 901 3483 eat
924 3431 1028 3482 motus
1051 3419 1118 3483 siue
1141 3444 1255 3502 causa,
1280 3439 1345 3484 non
1367 3424 1468 3487 omnia

138 3513 334 3589 enuntiatio,
359 3516 448 3596 quod
469 3514 599 3598 ἀξίωμα
621 3514 776 3578 dialectici
798 3516 976 3599 appellant,
1011 3528 1065 3576 aut
1087 3538 1162 3580 vera
1186 3533 1240 3583 aut
1254 3502 1340 3580 'lalea
1363 3519 1467 3584 erit.''

138 3612 179 3672 de
200 3608 286 3673 Fato
312 3611 367 3682 10,
404 3609 458 3670 00.
481 3643 523 3654 -
580 3608 778 3682 „Contendit
805 3628 914 3675 ornnes
936 3630 1057 3674 nervos
1080 3610 1314 3699 Chrysippus,-
1336 3622 1372 3675 ut
1394 3634 1469 3694 per-

138 3704 271 3766 suadeat
293 3723 386 3767 omne
408 3706 538 3789 ἀξίωμα
556 3717 609 3765 aut
631 3726 741 3767 verum
765 3726 835 3768 esee
857 3716 912 3766 aut
933 3704 1091 3771 falsum.”
1114 3711 1154 3771 de
1176 3710 1260 3775 Fato
1286 3711 1339 3784 10,
1356 3708 1411 3770 tt.
1428 3739 1469 3750 -

139 3851 154 3878 „
167 3798 274 3863 Omne
292 3798 559 3880 pronuntiatum
580 3800 642 3878 (sic
664 3798 744 3862 euim
769 3800 841 3861 mihi
863 3799 895 3860 in
919 3799 1095 3880 praeseutia
1119 3806 1278 3880 occurrit,
1304 3815 1339 3866 ut
1360 3801 1469 3884 appel·

136 3893 237 3955 larem
258 3895 406 3975 ἀξίωμα,
433 3904 502 3954 utar
517 3906 594 3977 poet
609 3893 692 3968 alio,
716 3894 743 3956 ai
766 3894 920 3957 invenero
944 3895 1074 3973 melius)
1096 3897 1127 3958 id
1150 3918 1232 3982 ergo
1255 3911 1303 3962 eat
1325 3917 1469 3979 pronun-

135 3988 267 4060 tiatum,
293 3990 379 4070 quod
402 3999 450 4050 eet
474 4010 583 4051 verum
608 4000 661 4050 aut
681 3989 834 4052 falsum.''
860 3991 960 4051 'suso
985 3992 1013 4053 I.
1040 3994 1078 4066 7,
1112 3993 1163 4055 ll.
1187 4028 1229 4040 -
1279 3991 1387 4055 Hodie
1405 4011 1469 4052 ma-

134 4080 299 4144 thematici
321 4103 391 4144 cum
416 4080 592 4145 Aristotele
613 4083 773 4165 accipiunt
795 4083 1059 4165 praenuntiato,
1085 4090 1173 4170 qttod
1195 4108 1235 4151 cx
1259 4108 1293 4149 sc
1316 4084 1471 4169 intelligi-

133 4187 204 4239 tur:
240 4178 299 4237 aed
322 4176 423 4239 Stoici
446 4179 484 4238 de
512 4176 628 4259 quovis
651 4178 814 4241 euttutiato
837 4179 1002 4253 dicebant,
1040 4184 1128 4262 qrtod
1158 4181 1314 4243 interdum
1338 4177 1469 4242 etfacit

134 4269 346 4334 Aristotelea.
400 4271 445 4334 V.
468 4271 702 4354 Menagiusad
724 4272 892 4336 Lae'rtiuru
916 4273 999 4337 VII.
1024 4275 1080 4337 05.
1104 4277 1189 4338 Eur.

215 4365 406 4440 'Andium
434 4366 589 4448 apathia.
649 4367 804 4447 „Pyrrho
827 4379 930 4431 autom
962 4369 1144 4446 (cenauit),
1178 4390 1214 4431 ea
1237 4372 1309 4448 (ree
1331 4368 1466 4450 medias)

134 4480 171 4523 ne
193 4458 317 4522 sentire
339 4458 464 4541 quidem
487 4460 684 4542 eapientem:
720 4482 799 4546 quiae
821 4463 971 4527 ᾰπάδεια
992 4461 1186 4525 nominatur.
1211 4464 1315 4526 Acad.
1340 4464 1386 4529 ll.
1404 4466 1463 4540 tt,

136 4556 209 4617 130.
224 4553 340 4616 ubialii
352 4553 484 4638 legunt:
503 4576 585 4638 quae
597 4559 716 4635 ἀπαθῆ
728 4559 748 4635 (
748 4555 771 4620 i.
781 4577 810 4620 e.
819 4578 907 4641 quae
914 4577 983 4619 non
991 4557 1204 4639 sentiuntur)
1220 4557 1436 4622 nominantur.
1446 4559 1465 4584 ’'

218 4649 462 4723 Ἀπαιδευσία,
487 4651 636 4734 Mangel
655 4672 700 4713 an
722 4650 894 4736 Bildung,
919 4652 957 4712 de
973 4671 1033 4723 eo,
1057 4650 1112 4732 qui
1132 4650 1245 4715 litteris
1268 4665 1298 4716 et
1320 4654 1466 4716 doctrina

138 4764 202 4806 nou
225 4753 276 4805 eat
298 4745 457 4806 excultus.
503 4745 610 4825 „Erat
631 4745 813 4810 hominihue
834 4756 909 4809 nota
931 4765 997 4808 uon
1018 4744 1074 4808 illa
1096 4745 1221 4830 quidem
1243 4751 1462 4825 ἀπαιδευσία,

141 4840 198 4900 aed
218 4836 251 4900 in
273 4836 312 4901 iie
332 4839 432 4901 rebus
455 4839 636 4926 drpcutoss’
682 4843 721 4904 ad
741 4841 815 4906 Att.
836 4839 940 4904 XIII.
964 4840 1025 4917 16,
1051 4843 1083 4904 1.
