3202 5318
674 290 825 359 mnttx
845 226 1025 357 LEiiUM.

546 519 550 523 .
683 479 783 544 lunae
805 492 838 544 et
858 481 1014 544 Perenne.

271 623 351 704 „Ex
380 623 530 706 eoquod
558 622 601 684 L.
629 619 779 703 Papirius
809 622 850 684 P.
878 620 1028 684 Pinarius
1056 639 1204 684 censores
1232 619 1338 683 multis
1366 621 1510 687 dicendis

185 716 250 780 rim
277 720 492 779 armentorum
522 735 540 778 a
569 715 704 797 privatis
736 713 768 777 io
797 713 959 796 publicum
988 724 1188 790 averterant,
1223 713 1305 778 levis
1333 716 1509 781 aestimatio

185 812 341 894 pecudum
366 809 398 872 in
426 808 521 871 multa
552 808 624 892 lege
647 813 686 876 G.
715 809 798 875 Iulii
823 811 863 874 Ρ.
893 808 1028 892 Papirii
1049 809 1213 872 consulum
1244 809 1288 889 (a.
1312 831 1344 872 n.
1366 829 1396 872 c.
1420 809 1512 890 323.)

186 905 354 968 constituta
379 903 460 968 est.''
492 906 531 967 dc
553 905 637 986 Rep.
658 903 704 969 11.
726 903 785 977 35,
810 903 863 965 60.
887 937 927 951 -
950 903 1092 986 „Legem
1119 905 1157 965 de
1180 902 1345 965 multarum
1367 903 1513 967 aestima-

184 997 271 1062 tione
291 1009 475 1083 pergratam
497 997 622 1081 populo
645 1019 714 1060 cum
738 999 777 1060 ab
800 995 935 1060 tribunis
956 995 1064 1079 parari
1093 997 1239 1061 consules
1268 999 1324 1074 (L.
1348 997 1511 1080 Papirius

184 1094 334 1179 Umerus
355 1097 397 1158 1..
419 1090 543 1170 tutius)
566 1091 657 1155 nnius
678 1114 719 1154 ex
741 1091 883 1175 collegio
899 1090 1079 1173 proditione
1094 1090 1311 1173 excepissent,
1334 1089 1397 1174 ipsi
1418 1113 1512 1173 prae-

186 1190 425 1272 emisissemus
446 1183 567 1251 ferre.’'
598 1186 677 1250 Liv.
700 1185 766 1250 IV.
790 1186 844 1249 30.
875 1183 975 1250 Coos.
998 1190 1155 1250 Accensa
1178 1187 1340 1249 Turrem.

649 1347 744 1411 tirum
770 1346 811 1410 de
831 1346 1039 1431 peregrinis.

270 1470 383 1546 ,Male
405 1467 515 1562 etiam,
547 1469 601 1552 qui
623 1469 814 1553 peregrinos
837 1469 969 1531 urbibus
993 1469 1037 1531 uti
1062 1466 1235 1551 prohibent
1258 1487 1379 1552 eosque
1400 1481 1509 1534 exter·

75 1574 78 1579 '
184 1565 323 1641 minant,
347 1576 382 1628 nt
400 1567 534 1631 Pennus
556 1567 640 1647 apud
661 1576 768 1647 patres
783 1575 933 1638 nostros,
957 1563 1078 1646 Papius
1099 1584 1213 1645 nuper.
1257 1565 1339 1628 Nam
1360 1584 1429 1627 esse
1445 1585 1509 1646 pro

182 1660 254 1724 cive
279 1658 336 1745 qui
362 1658 441 1722 civis
466 1678 530 1723 non
558 1658 616 1736 sit,
650 1669 771 1721 rectum
798 1669 846 1721 est
873 1678 938 1721 non
967 1657 1081 1731 licere3
1114 1679 1208 1741 quarn
1238 1657 1341 1741 legem
1369 1658 1512 1721 tulerunt

182 1751 403 1836 sapientissimi
426 1751 575 1816 consules
599 1752 735 1818 Crassus
758 1764 790 1815 et
810 1753 985 1815 Scaevola:
1021 1773 1079 1814 usu
1107 1773 1188 1815 vero
1217 1751 1307 1814 urbis
1332 1753 1510 1833 prohibere

182 1845 372 1932 peregrinos
395 1867 470 1910 sane
491 1846 694 1910 inhumanum
717 1845 796 1911 est.’'
831 1850 868 1909 de
892 1847 989 1911 Offic.
1012 1846 1079 1910 111.
1104 1837 1161 1922 11,
1188 1848 1241 1908 ll.

267 1943 349 2004 Lata
372 1940 660 2006 estaM.1nnio
681 1943 814 2016 Penno,
838 1939 967 2003 tribuno
988 1941 1089 2023 plebis
1112 1963 1142 2003 a.
1166 1962 1198 2003 u.
1225 1939 1299 2002 627.
1320 1940 1430 2020 (Brut.
1453 1940 1507 2017 28,

183 2034 270 2113 109.)
312 2036 365 2101 De
380 2034 452 2118 lege
464 2033 571 2100 Penni
586 2032 763 2097 orationem
779 2034 1008 2118 conscripsisse
1026 2032 1068 2098 C.
1087 2035 1268 2098 Gracchum
1285 2035 1378 2098 docet
1393 2034 1509 2097 Festus

181 2149 211 2194 e.
232 2150 269 2194 v.
290 2132 360 2196 Res
379 2129 548 2212 publicos.
571 2127 816 2211 netarumque
837 2139 869 2192 et
888 2128 919 2190 in
937 2126 1105 2192 Ciceronis
1126 2139 1158 2190 et
1178 2126 1210 2191 in
1226 2127 1314 2191 Festi
1330 2127 1405 2191 loco
1421 2131 1509 2192 Fon·

183 2223 281 2289 adem
310 2223 472 2288 consulem
503 2245 534 2287 a.
564 2246 595 2287 n.
627 2223 698 2288 631.
753 2225 869 2287 Penuo
896 2222 1149 2285 substituendum
1184 2225 1351 2296 censebat,
1385 2221 1509 2285 erroris

184 2317 291 2405 arguit
312 2319 470 2400 Meyerus
491 2328 602 2383 noster
624 2318 758 2402 Fragm.
783 2318 877 2381 Orat.
902 2318 999 2382 Rom.
1023 2339 1055 2400 p.
1078 2317 1138 2379 117
1159 2337 1210 2400 sq.

680 2477 778 2542 Iunis
801 2490 833 2542 ct
855 2479 1010 2541 Licinis.

270 2601 362 2687 „Ubi
386 2602 440 2664 lex
466 2599 605 2665 Caecilia
636 2611 667 2663 et
692 2598 809 2664 Didia?
848 2599 900 2662 ubi
928 2600 1143 2686 promulgatio
1173 2599 1287 2663 trinum
1315 2597 1510 2663 orandinum?

182 2684 246 2762 ubi'
266 2716 372 2780 poena
405 2693 527 2759 recenti
556 2695 629 2780 lege
656 2695 760 2761 lunia
792 2704 823 2757 et
854 2693 1044 2758 Licinio?''
1088 2694 1231 2777 Philipp.
1261 2696 1307 2761 V.
1336 2695 1373 2769 3,
1402 2694 1435 2757 8.
1469 2728 1512 2740 -

186 2789 362 2867 ,Festirc,
386 2788 461 2852 mihi
483 2789 594 2864 crede,
619 2799 652 2851 et
674 2788 798 2852 minore
818 2788 925 2851 sonitu
947 2809 1039 2871 qnam
1064 2800 1209 2870 putaram
1233 2788 1322 2853 orbis
1348 2788 1400 2851 hie
1422 2788 1454 2852 in
1474 2809 1512 2861 re

182 2884 311 2970 publica
337 2895 385 2947 est
414 2902 608 2959 conversus,
642 2881 735 2946 citius
764 2883 893 2947 omnino
919 2904 1011 2968 quam
1041 2882 1201 2965 oportuit,
1235 2883 1328 2965 culpa
1357 2882 1510 2956 Catonis,

185 2978 241 3044 sed
260 2999 371 3042 rursus
395 2976 601 3060 improbitate
620 2975 771 3053 istorum,
802 2976 858 3058 qut
884 2976 1042 3058 aruspicia,
1073 2978 1128 3062 qni
1152 2977 1277 3041 Aeliam
1299 2977 1420 3061 legem,
1454 2975 1513 3059 qui

184 3072 323 3141 tantam
346 3085 377 3136 et
398 3070 587 3146 Liciniam,
611 3071 666 3154 qui
690 3069 862 3134 Caeciliam
888 3082 919 3133 et
945 3070 1070 3134 Didiam
1099 3071 1343 3156 neglexerunt.'’
1376 3073 1417 3135 ad
1440 3074 1513 3136 Aer.

186 3168 295 3244 11.9,
321 3171 417 3229 1.-
441 3167 560 3247 „Nunc
583 3166 698 3242 adea,
723 3186 803 3249 quae
829 3165 955 3248 quaeris
979 3167 1017 3228 de
1043 3163 1086 3230 C.
1112 3163 1249 3230 Catone.
1293 3167 1387 3250 Lege
1407 3166 1514 3230 Iunio

186 3274 218 3328 et
239 3261 375 3327 Licinia
395 3258 460 3323 scis
482 3260 678 3323 absolutum:
710 3259 801 3322 Fufia
823 3262 886 3343 ego
910 3258 968 3322 tibi
989 3257 1101 3324 nuntio
1124 3261 1303 3324 absolutum
1326 3260 1383 3336 iri,
1408 3281 1512 3345 neque

183 3356 330 3439 patronis
352 3354 416 3418 suis
442 3366 504 3416 tam
528 3352 698 3415 libentibus
723 3375 816 3436 quiam
844 3353 1117 3417 accusatoribus.'’
1152 3356 1191 3416 ad
1213 3356 1284 3418 Au.
1307 3355 1372 3419 lv.
1399 3355 1455 3429 16,
1480 3357 1512 3420 5.

186 3484 229 3499 -
250 3448 409 3532 „Quaero
435 3447 513 3511 illud
537 3447 630 3510 etiam
655 3469 696 3511 ex
721 3458 771 3523 te,
801 3449 889 3530 qrrod
911 3446 1057 3530 privatus
1083 3447 1252 3512 admisisti:
1289 3448 1513 3532 postulatusne

185 3544 230 3610 sie
249 3543 324 3630 lege
345 3542 481 3608 Licinio
502 3552 533 3607 et
554 3543 683 3609 Iunia?
705 3542 880 3605 edixeritne
900 3541 942 3607 C.
960 3543 1133 3606 Memmius
1151 3555 1285 3625 praetor
1304 3565 1344 3607 en
1365 3563 1403 3619 ea
1425 3541 1511 3627 lege,

184 3650 221 3705 ut
247 3640 374 3702 adesses
397 3638 450 3703 die
474 3635 661 3702 tmcmimo?
694 3658 765 3699 cum
793 3636 821 3699 is
845 3637 910 3699 dics
937 3637 1093 3712 venisset,
1129 3638 1340 3719 appellarisne
1365 3638 1514 3700 tribunos

186 3731 307 3816 plebis,
332 3751 372 3795 ne
394 3750 520 3795 cansam
539 3730 716 3796 diceres?''
749 3731 940 3807 Vatinii,
965 3731 1020 3795 33.
1043 3765 1084 3778 -
1119 3731 1248 3813 ,Quem
1275 3752 1339 3796 non
1366 3743 1430 3794 tam
1457 3733 1514 3793 ad·

187 3825 308 3902 miror,
339 3828 425 3910 quod
448 3845 546 3890 meam
568 3827 670 3909 legem
693 3837 890 3900 contemnat,
922 3825 1058 3889 hominis
1080 3825 1214 3900 inimici,
1252 3846 1345 3909 qnam
1368 3826 1457 3909 qtrod
1478 3842 1513 3886 se

187 3921 297 3986 statuit
325 3919 455 3984 omnino
483 3919 680 3983 consularem
715 3921 817 4003 legem
849 3919 963 3981 niallam
995 3931 1120 4002 putare.
1166 3918 1337 3985 Caeciliana
1372 3918 1512 3994 Didiam,

188 4015 357 4082 Liciniam
378 4014 516 4082 Iuniam
538 4013 762 4099 contempsit.”
795 4035 855 4096 pro
879 4015 984 4079 Sestio
1008 4016 1066 4089 61,
1085 4016 1165 4102 1136.

273 4109 430 4193 „Licinio
452 4119 484 4173 et
503 4107 607 4174 Iunia
628 4109 812 4172 consulibus
835 4108 1019 4173 auctoribus
1035 4109 1168 4174 Licinio
1182 4111 1337 4175 Murena
1358 4114 1392 4171 et
1411 4106 1515 4173 Innio

188 4205 308 4271 Silano
330 4207 374 4285 (a.
398 4227 429 4271 ιι.
451 4204 541 4285 691.)
563 4205 686 4286 perlata
710 4204 787 4267 illud
810 4207 962 4280 cavebat,
987 4226 1027 4268 ne
1051 4206 1131 4268 clam
1154 4202 1279 4287 aerario
1304 4201 1410 4287 legem
1435 4200 1516 4266 ferri

190 4284 321 4377 liceret,
353 4298 502 4383 quoniam
531 4298 619 4384 leges
646 4298 677 4363 in
700 4295 825 4363 aerario
848 4298 1102 4363 condebantur.”
1140 4299 1250 4365 Schol.
1273 4298 1357 4365 Bob.
1378 4318 1415 4382 p.
1438 4298 1515 4362 310.

581 4490 775 4555 Laeroats.
817 4487 1129 4557 Vid.Pnaeron1A.

188 4674 243 4744 Da
267 4694 523 4743 naseerrnonnnr·
537 4698 741 4753 corruens:
775 4676 943 4837 ampliu,
966 4673 1138 4762 Sulpicia,
1161 4678 1333 4759 Manilio,
1356 4678 1515 4758 Montio,

873 4790 922 4836 eo.
