3202 5318
143 338 205 406 aas
338 350 341 367 ·
541 336 693 404 sussex
714 300 1067 405 rouueinuanm.

227 477 517 557 Commentari,
540 482 580 543 de
603 479 788 565 auguribus
834 478 927 542 Lael.
952 479 990 554 7,
1016 481 1047 542 7.

228 574 491 641 committere
522 594 696 656 poenam.
747 575 887 639 Poena
924 573 1045 658 octupli
1079 572 1146 639 sine
1178 575 1242 638 nlla
1273 574 1476 644 dubitatione

143 668 369 735 eornmissa.
416 667 888 744 Verr.Accus.3,17,30.

227 761 441 828 Commune
474 762 749 828 dividundum.
796 760 924 843 Quod
914 782 964 825 urs
991 773 1109 826 statues
1138 765 1344 828 communi
1374 762 1475 830 divi·

141 856 297 923 dundo?
330 860 370 920 ad
391 858 526 922 Fam
539 858 632 934 1,,2
655 859 687 921 2.

143 952 146 957 ’
226 902 603 1045 communeSieiliae.
647 954 750 1016 Verr.
780 953 901 1018 Aecus.
929 951 965 1030 2,
993 952 1150 1028 76,117.
1195 950 1473 1031 Ιιιί1.53,155.

226 1030 522 1130 compascuus.
567 1045 600 1110 Si
623 1067 887 1131 compascuus
912 1067 990 1130 ager
1015 1057 1079 1125 est,
1106 1045 1153 1109 ius
1176 1059 1224 1110 est
1244 1068 1471 1130 compascere.

141 1140 261 1226 Topic.
285 1142 396 1222 3,13.

226 1194 612 1320 comperendinare.
644 1232 1251 1319 Α1ἰιιιο,ιοιιιρειιιιι1ἰιιιιιιιιιι.-
1273 1270 1315 1284 -·
1337 1237 1471 1302 Glaucia

138 1330 262 1421 primus
289 1331 381 1408 tulit,
416 1345 450 1395 ut
480 1331 920 1414 comperendinaretur
949 1352 1063 1395 reus:
1106 1343 1177 1393 ante
1206 1332 1260 1395 vel
1290 1332 1470 1397 iudicari

139 1427 270 1510 primo
293 1437 421 1510 poterat
444 1428 495 1492 vel
517 1428 687 1511 amplius
709 1425 979 1510 pronuntiari.
1014 1427 1114 1489 Verr.
1139 1427 1259 1489 Aecus.
1285 1427 1324 1503 1,
1351 1428 1391 1503 9,
1417 1428 1469 1492 25.

139 1519 571 1604 -comperendinare
593 1511 712 1586 reuin.
736 1543 798 1604 pro
822 1522 945 1584 Scauro
968 1521 1005 1596 2,
1029 1521 1082 1582 27.
1168 1612 1170 1615 Ι

224 1614 616 1698 Comperendinatus
639 1617 738 1681 subst.
768 1618 868 1679 Verr.
892 1617 973 1678 Aee.
998 1617 1034 1689 1,
1060 1615 1094 1688 9,
1120 1615 1173 1677 25.
1204 1614 1300 1678 Βιιιι.
1327 1616 1392 1692 22,
1416 1618 1467 1680 87.

225 1707 581 1792 compromissum.
626 1711 756 1791 Quaero
780 1712 836 1772 abs
861 1722 910 1784 te,
940 1709 1016 1791 quid
1040 1707 1084 1770 ita
1107 1711 1145 1771 de
1167 1710 1226 1770 hac
1248 1710 1409 1791 pecunia,
1432 1713 1470 1775 de

139 1814 263 1866 tuarum
280 1806 456 1867 tabularum
473 1804 534 1868 fide
557 1803 887 1887 compromissum
910 1803 1084 1877 feceris,
1109 1802 1262 1865 arbitrum
1279 1805 1468 1888 sumpseris,

139 1908 328 1980 quantum
357 1896 528 1981 aequius
551 1900 691 1962 meiius
714 1898 768 1961 sit
792 1897 878 1961 dari
899 1896 1205 1979 repromittire‚
1234 1896 1270 1960 si
1291 1912 1470 1979 pareret

137 2013 201 2075 pro
222 1991 345 2056 Roscio
365 1995 523 2057 comoedo
547 1993 585 2069 7,
611 1993 663 2056 12.
708 2014 770 2074 pro
794 1994 917 2056 Scauro
940 1993 977 2068 2,
1002 1992 1056 2054 38.
1079 1991 1261 2057 —Poenis
1285 2014 1470 2076 compro·

139 2084 354 2171 missisque
376 2078 573 2169 interpositis
600 2109 618 2149 a
639 2098 804 2169 praetore.
836 2086 936 2152 Verr.
958 2087 1076 2166 Aecus.
1099 2087 1137 2163 2,
1162 2088 1220 2162 27,
1245 2086 1301 2150 55.
1325 2123 1369 2135 -
1391 2087 1468 2152 Vul-

140 2182 380 2246 Secundum.

224 2273 585 2358 compromittere.
631 2273 811 2338 Tribunicii·
824 2274 977 2337 candidati
998 2273 1374 2358 compromiserunt
1395 2277 1465 2342 115.

139 2368 306 2456 quingenis
331 2369 363 2432 in
383 2368 526 2454 singulos
549 2371 632 2452 apud
651 2370 704 2433 M.
729 2368 885 2434 Catonem
909 2369 1062 2450 depositis
1079 2381 1187 2452 petere
1206 2368 1273 2432 eius
1293 2369 1465 2449 arbitratu,

138 2474 187 2542 ut,
213 2462 401 2550 qui-contra
422 2462 568 2539 ferisset,
593 2466 868 2528 condemnaretur.
890 2466 930 2526 ad
953 2464 997 2544 Q.
1021 2465 1079 2527 Fr.
1104 2465 1142 2537 7,
1168 2465 1225 2538 15,
1253 2464 1286 2525 1.

225 2556 473 2624 Concubina.
519 2557 605 2638 Quid
631 2562 719 2641 quod
743 2581 801 2622 usu
831 2560 982 2624 ruernoria
1005 2571 1132 2639 patrum
1161 2557 1266 2634 venit,
1302 2569 1340 2621 ut
1363 2571 1468 2642 pater·

136 2651 289 2726 familias,
315 2652 431 2737 quiex
454 2653 610 2736 Hispania
638 2654 774 2717 Romam
802 2652 956 2729 venisset,
981 2675 1051 2715 eum
1080 2673 1212 2715 uxorem
1237 2664 1468 2737 praegnantem

139 2747 172 2809 in
191 2747 356 2828 provincia
380 2746 562 2831 reliquisset
577 2749 764 2833 Ronracque
780 2749 909 2810 aiteram
931 2747 1073 2810 duxisset
1087 2767 1188 2828 neque
1205 2746 1348 2808 nuntium
1366 2747 1468 2829 priori

136 2833 308 2903 remisisset
335 2852 544 2926 mortuusque
568 2855 651 2905 esset
675 2843 824 2906 intestato
851 2854 883 2905 et
911 2863 951 2905 ex
974 2854 1108 2925 utraque
1138 2841 1221 2902 iilius
1244 2852 1338 2903 natus
1364 2853 1464 2916 esset,

138 2933 347 2998 uredioerisue
363 2958 413 3000 res
432 2936 462 3000 in
479 2937 735 3001 controversiam
759 2939 892 3000 adducta
915 2935 986 2999 est?
1008 2957 1079 2997 eum
1097 2946 1308 3019 quaereretur
1328 2937 1368 2999 de
1388 2938 1466 2999 duo·

137 3028 197 3091 bus
218 3027 333 3091 civium
356 3029 528 3113 capitibus,
554 3043 584 3094 et
611 3033 648 3093 de
673 3052 793 3112 puero,
819 3031 873 3114 qui
894 3052 933 3094 ex
953 3029 1136 3113 posteriore
1155 3040 1245 3091 natus
1263 3040 1353 3106 erat,
1377 3031 1464 3092 etde

137 3122 203 3185 eius
233 3135 349 3200 matre,
383 3145 483 3209 quae,
518 3127 544 3187 si
570 3125 762 3187 iudicaretur
785 3127 881 3188 certis
904 3125 1089 3210 quibusdam
1120 3124 1244 3198 verbis,
1280 3144 1346 3187 non
1373 3124 1464 3189 noris

136 3214 253 3297 nuptiis
279 3217 348 3280 fieri
375 3220 444 3280 cum
474 3219 641 3302 superiore
673 3219 863 3294 divortium,
898 3219 929 3282 in
959 3218 1206 3282 concubinae
1234 3219 1342 3280 locum
1371 3220 1464 3281 duee·

136 3302 255 3372 returs
274 3311 313 3374 de
337 3311 397 3377 Or.
423 3314 460 3388 1,
485 3313 522 3390 7,
549 3312 626 3375 183.

223 3401 503 3469 condemnare
534 3427 602 3470 rco
632 3405 863 3488 petitorem.
899 3409 1000 3470 Verr.
1032 3408 1153 3469 Aecus.
1185 3405 1223 3481 3,
1259 3405 1317 3481 12,
1344 3406 1400 3471 31.
1423 3436 1461 3449 -

138 3495 413 3564 Condemnari
435 3521 476 3562 ex
492 3499 669 3583 provincia.
694 3503 794 3564 Verr.
818 3505 940 3567 Aecus.
964 3503 1000 3578 7,
1025 3503 1083 3577 51,
1103 3500 1176 3563 155.
1199 3535 1240 3545 -
1264 3497 1460 3565 condem·

137 3615 231 3657 nare
254 3596 293 3657 de
313 3605 499 3658 accusatore
521 3592 650 3658 dietmn.
674 3595 784 3660 Divin.
810 3600 868 3673 10,
892 3597 946 3659 30.

222 3686 439 3754 Condicio.
485 3689 644 3771 Optima
666 3690 909 3755 condicione
933 3692 1053 3754 locare.
1077 3689 1175 3751 Verr.
1198 3690 1321 3752 Aecus.
1346 3690 1383 3767 7,
1410 3689 1460 3763 59,

137 3783 211 3846 111.
234 3818 275 3828 -
298 3781 489 3866 Redemptio
520 3783 557 3846 in
588 3785 831 3848 condicione
863 3798 983 3869 atque
1014 3796 1135 3867 pacto
1165 3783 1330 3858 mansit,
1362 3804 1461 3868 usque

106 3890 111 3899 “
132 3879 176 3940 ad
199 3899 269 3942 eum
295 3878 405 3954 fiucm,
432 3880 504 3941 dum
529 3878 647 3941 iudices
670 3878 782 3942 reiecti
802 3890 894 3942 stunt:
925 3915 966 3926 —
998 3892 1111 3962 postea
1134 3877 1373 3942 renuntiata
1401 3888 1461 3942 est

135 3982 204 4036 tota
228 3972 467 4037 conductio.
497 3974 597 4037 Verr.
621 3976 697 4038 Act.
726 3977 759 4047 1,
785 3977 822 4050 5,
849 3975 900 4037 15.
923 4008 965 4022 -
986 3974 1071 4041 Vide
1096 3972 1376 4038 cousuetudo.

222 4066 498 4135 Cbndieiones
528 4070 572 4147 (et
600 4071 637 4129 de
667 4067 869 4131 matrimoniis
902 4080 933 4131 et
964 4071 1001 4131 dc
1029 4069 1220 4146 amoribus.)
1254 4088 1317 4150 pro
1348 4066 1458 4133 caelio

137 4160 195 4239 15,
218 4162 272 4225 35.
296 4193 337 4204 -
359 4159 685 4226 Condiciouibus
708 4174 830 4226 stare.
853 4165 892 4224 ad
914 4165 985 4227 Au.
1011 4166 1047 4239 7,
1075 4165 1130 4238 15,
1158 4164 1189 4225 7.

221 4257 456 4320 conducere
488 4279 551 4321 non
582 4278 698 4342 magno
729 4260 869 4321 domum.
906 4280 966 4340 pro
993 4256 1108 4323 caelio
1137 4261 1174 4333 7,
1204 4257 1257 4347 18.
1299 4290 1342 4303 -
1375 4259 1458 4323 Vide

135 4350 310 4416 Loeare.

221 4443 532 4511 conductionem
556 4446 805 4512 renuntiare.
829 4448 930 4511 Verr.
957 4450 1033 4511 Act.
1059 4448 1095 4519 1,
1121 4449 1157 4521 5,
1184 4446 1236 4509 15.

220 4536 457 4624 congressu
479 4554 516 4603 et
538 4541 768 4606 constituto
792 4544 830 4604 de
844 4540 966 4604 iniuriis
982 4540 1134 4625 experiri.
1151 4561 1213 4623 pro
1227 4538 1342 4607 Caelio
1356 4542 1387 4620 9,
1405 4541 1456 4603 20.

219 4629 485 4697 connubium.
530 4635 611 4699 Vide
634 4636 880 4701 Divertium.

220 4722 537 4810 Conquiritores
558 4729 589 4793 in
612 4729 726 4794 dilectu
749 4732 908 4795 habendo.
936 4751 999 4814 pro
1022 4727 1098 4793 Mil.
1123 4726 1182 4805 75,
1208 4728 1264 4795 57.

220 4815 456 4892 consilium.
491 4822 575 4888 Vide
598 4824 813 4896 Adessein
836 4823 1030 4897 coasilio.
1074 4820 1297 4917 Ampliare.
1332 4824 1397 4897 Ire
1417 4821 1451 4894 itt
