3202 5318
31 362 37 373 ⁸
135 355 196 418 too
310 420 312 425 ,
739 347 890 415 INDEX

136 508 236 558 autem
267 489 369 559 omnia
395 489 589 556 reseruntur.
638 489 742 564 „Seu
774 509 914 574 quaeso,
945 487 1019 570 quid
1044 509 1085 552 ex
1110 487 1167 553 ista
1190 498 1281 552 scota
1303 496 1339 551 et
1358 485 1450 572 gram

53 607 55 611 ’
135 589 276 671 &fertior
297 589 336 649 ad
359 584 501 662 reioc?”
544 587 585 648 ad
607 588 678 649 Au.
702 582 785 646 XII.
810 584 846 655 ό,
873 586 903 644 1.
927 592 966 629 -”-
1012 581 1195 664 „Quoniam
1223 594 1329 646 autem
1354 582 1453 645 idest

134 682 187 745 vel
209 702 360 745 eumenum
379 681 540 755 bonorum
564 677 613 741 vel
641 675 782 740 ultimum
813 676 864 739 vel
887 687 1062 740 extremum
1094 678 1200 758 (quod
1222 674 1343 753 Graeci
1368 681 1454 750 reios

72 792 75 805 ¹
134 775 337 852 nominant),
372 775 460 859 quod
484 772 587 853 ipsum
614 770 730 835 nuttam
754 772 793 833 ad
819 769 910 834 aliam
933 791 1019 846 rem,
1050 770 1090 833 ad
1111 770 1142 833 id
1164 781 1269 833 autem
1292 764 1348 833 'ree
1369 768 1455 831 refe-

133 880 248 932 runtur
269 889 399 932 ornnes:
431 866 591 929 fatendum
619 875 685 939 est,
720 885 872 928 sumnuun
902 865 1111 929 essebonum
1136 863 1273 926 iucunde
1302 861 1455 925 vivere.”

135 964 174 1024 de
196 962 290 1027 Finn.
315 962 345 1026 l.
371 961 432 1036 te,
456 961 507 1024 12.
529 995 567 1006 -
614 959 740 1032 „Sentis
763 957 862 1032 enim,
888 961 1005 1032 credo,
1039 978 1088 1019 me
1109 955 1169 1019 iarn
1196 959 1265 1033 diu,
1298 958 1387 1042 qnod
1408 966 1456 1021 τέ·

135 1062 189 1131 λος
212 1055 328 1120 Graeci
350 1054 474 1129 dicunt,
507 1052 538 1116 id
564 1052 668 1116 dicere
692 1065 756 1114 tutu
776 1064 968 1128 extremum,
1000 1062 1065 1114 tum
1090 1050 1249 1128 ultimum,
1281 1062 1349 1114 tum
1370 1068 1454 1113 sum·

133 1171 236 1223 mrum
267 1148 374 1211 licebit
402 1145 493 1211 etiam
525 1147 618 1210 finem
643 1167 707 1230 pro
732 1156 875 1211 extremo
898 1157 952 1209 aut
973 1144 1084 1209 ultimo
1106 1143 1254 1209 dicere.’'
1297 1145 1340 1207 dc
1362 1142 1452 1206 Finn.

219 1340 348 1420 Τέμπη,
373 1337 449 1398 loca
470 1333 725 1399 amoenissima.
750 1333 901 1416 „Reatini
920 1357 968 1398 me
987 1330 1100 1397 at'sua
1124 1335 1238 1415 Τέμπη
1255 1329 1450 1397 duxerunt.’¹

133 1432 172 1494 sd
195 1432 264 1494 Att.
289 1430 354 1510 I-V.
378 1430 439 1505 15,
462 1431 494 1492 5.
540 1429 617 1493 Vid.
642 1450 720 1514 quac
744 1430 782 1491 ad
805 1429 839 1491 h.
857 1429 886 1493 I.
903 1449 921 1492 e
937 1427 1027 1511 Luca
1047 1426 1217 1492 Holstenio
1232 1426 1332 1490 affert
1351 1426 1450 1489 Grae·

132 1525 214 1590 vius.
260 1526 342 1586 Enu.
995 1546 1009 1568 ι

139 1668 141 1672 ,
217 1621 339 1705 Τέρας,
369 1626 577 1690 monstrum,
607 1615 823 1699 prodigium.
877 1616 964 1689 „Sed
992 1617 1056 1680 hoc
1082 1628 1176 1700 τέρας
1197 1613 1347 1678 horribiii
1370 1611 1451 1698 vigi·

132 1712 246 1783 lautia,
270 1711 450 1786 celeritate,
476 1710 635 1795 diligentia
658 1712 745 1776 est.''¹
791 1714 828 1774 ad
851 1713 922 1775 Art.
947 1710 1046 1774 VIII.
1071 1712 1107 1785 11,
1135 1711 1166 1772 d.

218 1808 363 1890 Τιρψις,
386 1804 576 1868 delectatio.
622 1856 638 1885 ‚,
649 1805 784 1889 indulge
809 1802 980 1867 valetudini
1003 1815 1090 1878 tuac,
1120 1803 1169 1867 cni
1192 1803 1320 1887 quidem
1343 1814 1378 1867 tn
1398 1803 1450 1864 sd·

132 1899 211 1974 Ιιιισ,
234 1901 306 1960 ditm
328 1897 402 1961 mihi
418 1897 577 1973 deservis,
597 1899 722 1960 servisti
740 1920 801 1962 non
821 1899 920 1961 satis:
945 1919 979 1961 ea
998 1898 1072 1982 quid
1091 1899 1252 1980 postulet,
1276 1917 1342 1961 non
1361 1895 1451 1982 igno·

133 2012 205 2055 rae:
231 1998 351 2073 πέψιν,
374 1993 532 2067 ἁκοπίαν,
556 2003 733 2080 περίπατον
751 1993 951 2080 σύμμετρον,
974 1999 1106 2078 τέρψιν,
1128 1995 1283 2059 εὐλυσίαν
1297 1987 1451 2066 κοιλλας.”

77 2132 80 2137 -
133 2087 173 2147 ad
195 2087 286 2148 Fam.
310 2086 412 2149 XVI.
438 2086 498 2161 18,
525 2091 556 2148 1.

219 2184 377 2246 Τέτλαῧι·
404 2181 562 2266 κύντερον.
610 2181 729 2262 Suppie
752 2201 792 2242 ex
814 2181 962 2245 Homero
989 2180 1092 2259 ἔτλης.
1138 2177 1289 2271 Perfere
1308 2180 1450 2264 grantes

133 2273 257 2338 tulisti.
303 2279 341 2335 ad
360 2275 430 2336 Aa.
455 2275 520 2337 lx.
545 2274 601 2349 15,
627 2275 659 2336 3.
706 2274 825 2352 Odyss.
849 2303 885 2349 υ,
909 2277 967 2337 18:

253 2399 256 2405 ·
343 2371 488 2434 Τίτλαδι
510 2367 563 2447 δή,
581 2373 719 2454 κραδίη·
744 2380 802 2434 καὶ
822 2370 973 2456 κύντερον
997 2368 1080 2435 ἄλλο
1101 2369 1169 2434 ποτ’
1195 2366 1297 2447 ἔτλης.

219 2465 456 2544 Terentianae,
481 2462 577 2525 innui
598 2464 767 2546 gloriolae
788 2464 904 2526 studio
926 2464 1017 2526 desei.
1061 2463 1168 2536 „Mihi
1187 2465 1303 2538 crede,
1328 2484 1387 2526 tana
1402 2482 1449 2525 me

132 2577 226 2621 carisa
252 2568 378 2631 movet,
401 2556 434 2620 in
456 2578 517 2641 qua
535 2556 602 2619 scio
626 2577 673 2619 mc
696 2562 914 2637 τετυφῶσθαι.
931 2557 950 2584 ”
973 2559 1013 2620 ad
1035 2558 1107 2621 Att.
1130 2555 1214 2621 ΧΠ.
1238 2555 1298 2630 25,
1323 2557 1358 2620 2.
1382 2555 1448 2621 Sci·

132 2650 207 2714 dicet
234 2649 323 2732 cupit
346 2651 428 2713 iiliac
455 2662 688 2714 montunenttuu
716 2650 747 2713 in
771 2654 866 2715 horto
889 2651 1007 2714 celebri
1027 2671 1162 2732 ponere.
1205 2650 1321 2734 ltaque
1342 2653 1448 2714 addit:

135 2745 240 2818 „Sed,
276 2754 311 2805 ut
335 2743 432 2823 iacis,
465 2748 644 2828 obsequere
672 2744 747 2807 huic
778 2745 883 2809 errori
913 2743 1018 2812 nreo.’'
1070 2743 1171 2810 Coni.
1198 2765 1225 2809 s.
1247 2765 1283 2807 v.
1308 2744 1378 2811 Τὸν
1400 2745 1449 2809 ni-

134 2863 200 2918 σου
222 2844 286 2902 κτλ.
333 2839 418 2900 Esu.
1202 2920 1205 2928 Ι
1346 2896 1349 2899 .

220 2935 365 3018 Τεῦκρις.
417 2936 582 3017 „Tacapas
609 2929 661 2994 ilia
692 2931 808 2994 tentum
834 2953 909 2995 sane
934 2930 1135 3017 negotium.”
1179 2932 1449 3006 stare.1.12,

136 3026 168 3087 1.
192 3060 230 3074 -
277 3030 441 3112 ,Τεῦκρις
460 3025 513 3089 iiia
538 3028 654 3088 tentum
682 3028 843 3111 negotium
867 3039 931 3102 est,
957 3030 1011 3090 sed
1035 3039 1137 3089 tamen
1157 3039 1205 3090 est
1226 3025 1258 3089 in
1281 3026 1383 3110 spe.''
1414 3027 1453 3089 ad

134 3119 206 3182 au.
228 3118 257 3181 l.
286 3119 343 3194 13,
376 3121 408 3182 (ν.
432 3153 470 3168 -
517 3121 637 3200 „Nunc
668 3131 702 3182 ut
732 3122 771 3181 ad
797 3121 920 3201 privata
947 3124 1092 3196 redeam,
1128 3124 1266 3207 Τιῦκρις
1295 3118 1452 3203 promissa

134 3212 315 3294 patrarit.''
360 3216 398 3275 ad
422 3216 491 3277 Att.
517 3214 541 3278 1.
567 3214 621 3288 11,
647 3214 678 3277 t.
725 3213 817 3279 Ficto
834 3216 897 3278 hoc
917 3215 1042 3279 nomine
1064 3216 1164 3300 volgo
1188 3213 1231 3280 C.
1253 3214 1450 3288 Antonium,

137 3303 305 3370 Ciceronis
331 3306 362 3368 in
389 3306 552 3375 consulatu
575 3307 745 3390 collegam,
765 3309 921 3394 designari
946 3319 1068 3391 putant.
1114 3312 1176 3373 Sed
1199 3310 1307 3390 potius
1331 3309 1453 3373 videtur

137 3399 250 3463 mulier
272 3398 448 3484 designari,
474 3402 607 3464 Antonii
629 3401 770 3465 sortasse
793 3395 1093 3490 necessaria3'quae
1113 3403 1278 3486 pecuniam
1299 3400 1451 3469 Ciceroni

136 3513 171 3557 se
198 3494 372 3557 soluturam
399 3495 589 3577 promiserat
611 3517 648 3557 ac
669 3495 784 3559 deinde
807 3498 963 3579 promissa
986 3498 1137 3580 patravit.
1183 3498 1219 3561 S.

150 3576 156 3589 ¹
221 3592 438 3671 Τεχνολογια,
465 3588 627 3652 tractatio
656 3589 762 3666 artis,
786 3588 977 3673 disputatio
1004 3592 1046 3655 de
1065 3591 1259 3676 praeceptio
1286 3590 1391 3655 mie.
1413 3590 1450 3651 ad

135 3681 207 3746 Att.
232 3681 297 3745 IV.
322 3683 380 3756 16,
404 3682 437 3744 3.

225 3781 407 3855 Τηλέπυλσς
435 3779 695 3863 Λαιστρυγονίη,
728 3781 931 3866 Τιὶσργὶτιο,
965 3777 1048 3842 urbs
1077 3777 1349 3866 Laestrygonia.
1392 3774 1452 3858 „Si

137 3892 217 3936 vero
238 3870 268 3932 in
289 3873 370 3933 hanc
396 3875 580 3948 Τηλέπυλον
602 3872 728 3936 veneris
748 3877 1013 3959 Λαιστρυγονίην
1033 3908 1075 3920 -
1097 3873 1244 3938 Formias
1270 3872 1387 3939 dico.”
1415 3873 1453 3934 ad

138 3967 211 4033 Au.
229 3965 277 4029 lI.
298 3964 349 4039 13,
375 3965 406 4027 2.
451 3965 597 4029 Formias
612 3965 777 4051 intelligit,
802 3966 1046 4051 antiquissimam
1062 3970 1322 4051 Laestrygonum
1338 3969 1454 4030 eedem.

141 4061 228 4126 Ptin.
246 4060 290 4122 H.
306 4060 350 4122 N.
368 4058 437 4124 III.
454 4061 485 4123 5.
505 4059 662 4124 Graevius
678 4061 817 4123 taudavir
835 4060 967 4127 Cluver.
984 4063 1056 4126 Ital.
1077 4061 1189 4146 Antiq.
1208 4062 1346 4128 111.10.
1369 4062 1453 4127 Ean.

223 4155 294 4234 Τήν
314 4157 540 4241 ἁρέσκουσαν,
574 4176 667 4230 eam,
697 4177 787 4242 qnae
809 4157 943 4236 (nobie)
971 4159 1100 4241 ριῑασιε,
1130 4156 1200 4219 scil.
1228 4175 1454 4240 exponentes.

140 4249 273 4331 „Venio
295 4269 377 4311 nunc
398 4249 593 4310 adurensem
616 4248 798 4312 Ianuarium
823 4262 854 4314 et
876 4254 914 4313 ad
935 4251 1119 4318 ὑπόστασιν
1140 4262 1282 4315 nostran
1306 4270 1345 4313 ac
1364 4254 1457 4315 πσλι-

137 4355 243 4408 τειανι
267 4342 298 4405 in
321 4364 381 4426 qua
404 4343 620 4426 Σωκρατικοῖς
640 4353 683 4419 εἰς
706 4345 881 4431 ἑκάτερον,
913 4348 970 4409 sed
996 4357 1097 4408 tamen
1123 4347 1161 4407 ad
1189 4360 1385 4420 extremum,
1420 4352 1453 4407 st

137 4434 183 4499 iiii
203 4436 365 4512 solebant,
391 4437 447 4515 τὴν
472 4438 720 4523 ἀρέσκουσαν.”
766 4442 805 4502 ad
829 4441 901 4503 Au.
924 4440 973 4502 lt.
997 4438 1036 4514 3,
1060 4443 1093 4506 3.

110 4568 114 4575 .
223 4530 292 4609 Τῆν
315 4529 381 4595 ἔσω
406 4531 576 4615 γραμμήν,
603 4531 803 4597 interiorem
825 4533 962 4597 tineam.
1009 4533 1086 4606 „De
1108 4554 1167 4609 eo,
1198 4533 1288 4618 qnod
1314 4552 1365 4605 tle
1387 4552 1455 4595 ne-

139 4641 220 4696 nes,
257 4633 292 4685 ut
320 4634 350 4686 et
383 4630 553 4701 πολιτικοῖς
581 4647 630 4689 nte
658 4648 766 4711 gersen
795 4638 827 4689 et
854 4627 911 4705 nir
943 4626 1009 4692 ἔσω
1041 4628 1195 4714 γραμμὴν
1227 4638 1371 4701 teneam,
1408 4622 1451 4687 ite

136 4711 289 4782 iaciasn.”
339 4719 378 4778 ad
405 4722 476 4783 Art.
500 4720 564 4782 IV.
595 4720 660 4798 8b,
691 4723 722 4784 d.
768 4722 800 4785 A
821 4722 924 4785 stadio
945 4722 1041 4785 ducta’
1060 4720 1184 4787 dicendi
1207 4721 1309 4797 ratio,
1331 4722 1363 4785 in
1384 4738 1450 4805 qao

139 4813 217 4879 duae
240 4808 357 4889 lineae,
388 4810 504 4889 ulmea,
543 4832 561 4875 a
588 4835 652 4898 qus
672 4813 784 4900 incipit
804 4835 931 4892 cursus,
962 4815 1081 4892 alters,
1116 4815 1231 4903 inqua
1250 4814 1383 4890 &sinite
1414 4818 1447 4876 ’ὲ
