3202 5318
503 413 509 421 .
631 363 782 431 tubex
800 364 982 433 LEGUH.
1402 370 1464 435 ltl

135 504 242 584 Pico,
265 504 325 591 qui
344 504 449 592 legen
469 504 512 569 de
528 506 686 589 pecualia
704 506 903 591 repenandia
923 505 995 570 tulit
1015 517 1047 570 et
1067 505 1127 571 luit
1142 507 1185 574 C.
1201 511 1350 577 Gaacebo
1376 509 1465 594 eapi-

135 598 213 665 aab·
238 597 419 665 inimieue.''
464 599 577 665 Schol.
603 600 690 664 llob.
716 600 747 663 ia
771 611 855 664 orat.
881 618 944 681 pro
966 599 1085 664 Flacco
1109 622 1145 684 p.
1168 601 1243 666 23³.
1264 638 1305 651 -
1335 602 1465 686 „Queri

134 712 222 758 vero
245 690 377 757 dubium
399 693 457 770 ait,
483 693 557 776 quin
582 703 651 757 tota
673 693 727 756 lex
745 694 790 757 ‘de
810 693 965 778 pecuniis
979 696 1178 777 repetundia
1191 696 1350 761 aocioaum
1371 716 1466 762 cauae

134 786 317 852 comututa
340 786 396 853 ait.
451 788 532 851 Nam
561 787 684 850 civibus
715 807 786 849 cum
816 797 889 849 aunt
917 799 1046 870 creptae
1077 789 1246 871 pecuniae,
1281 788 1367 853 ciiili
1396 788 1467 854 iere

131 881 264 947 actione
284 892 317 945 et
340 879 472 965 privato
491 879 562 944 iure
581 891 789 964 repetanturt
812 882 890 944 baec
908 881 961 944 lex
986 880 1112 945 aoeialia
1134 894 1197 960 eet,
1222 885 1284 948 boc
1300 884 1348 949 im
1367 887 1468 952 natio·

134 994 215 1039 anm
241 985 428 1039 exterarum
454 984 522 1039 eata
545 975 628 1038 hane
645 975 762 1039 babent
782 996 904 1051 arcem,
929 974 1030 1038 minua
1054 976 1217 1060 aliquanto
1237 998 1320 1043 nune
1341 980 1467 1064 quidem

134 1067 290 1133 unitam
319 1089 415 1153 quam
445 1080 555 1145 antea,
591 1089 702 1132 venam
734 1081 855 1146 tamen,
886 1066 915 1133 ai
948 1087 1008 1151 qua
1037 1068 1161 1152 reliqua
1189 1091 1261 1154 epea
1291 1083 1355 1150 eet,
1387 1094 1469 1156 quae

134 1160 305 1231 Diuum
325 1162 450 1229 animoa
470 1162 631 1227 conaolari
650 1163 771 1246 pouit,
794 1183 833 1225 ea
854 1172 921 1226 tota
941 1159 972 1225 iu
991 1162 1052 1225 bac
1071 1161 1143 1248 lege
1161 1165 1265 1248 posita
1289 1177 1355 1241 eat,
1379 1166 1468 1230 cuiue

134 1252 224 1343 ῌι
246 1276 313 1323 noa
344 1258 482 1327 modoa
514 1257 638 1339 populo
664 1258 828 1331 Romano,
862 1257 919 1319 aed
951 1254 1042 1318 etiam
1072 1258 1113 1319 ab
1143 1258 1260 1322 ulai-ie
1289 1259 1469 1333 nationibua

133 1346 201 1415 h
220 1346 349 1433 pidem
373 1350 478 1415 ιιιιιὶ
500 1352 651 1423 οιιιῐοδοι
671 1348 913 1438 requiruntur.''
963 1349 1108 1417 Divinat.
1139 1353 1180 1428 6,
1216 1355 1337 1420 17.-
1370 1357 1471 1437 „Lea

136 1442 210 1529 'qtae
230 1443 275 1507 da
295 1445 451 1529 pannii-a
469 1445 668 1529 repetundis
690 1446 851 1510 sociorum
875 1454 970 1529 atque
995 1442 1167 1510 amicorum
1193 1447 1305 1531 popaab
1333 1448 1471 1517 Romani

138 1538 317 1623 prona!
359 1537 504 1603 Divinat.
528 1540 586 1616 to,
611 1539 665 1603 66.
687 1570 730 1583 -
765 1539 864 1614 „vos
889 1535 923 1609 ia
948 1537 1011 1605 bae
1035 1539 1220 1623 quaestione
1246 1541 1291 1606 de
1316 1544 1474 1628 pecuniia

139 1630 364 1716 ημινιδίι,
387 1652 470 1716 quae
485 1631 647 1705 sociorum
669 1654 763 1697 cauea
778 1630 949 1697 eonatituta
968 1643 1034 1708 eet,
1059 1634 1131 1719 lege
1147 1633 1328 1720 iudicioque
1345 1637 1470 1715 sociali,

140 1724 309 1793 todorum
337 1724 553 1811 querimonias
578 1728 689 1792 audire
709 1725 876 1810 oportet.”
921 1726 1023 1791 Verr.
1047 1725 1102 1795 lib.
1123 1728 1173 1793 ll.
1195 1735 1233 1807 6,
1258 1731 1311 1794 16.

228 1819 335 1906 Legio
363 1819 459 1885 laniae
484 1821 653 1886 formulam
686 1822 821 1904 Pighius
852 1823 957 1900 (Ano.
988 1822 1088 1886 Rom.
1120 1823 1164 1886 Τ.
1190 1821 1241 1897 ῙΙ.
1271 1847 1305 1907 p.
1330 1825 1406 1893 lll.
1426 1824 1475 1893 aic

141 1912 367 1981 concinnavit:
400 1915 453 1978 uti
483 1915 608 2000 quibua
636 1917 673 1980 iu
703 1916 891 2000 provinciis
918 1915 1149 1998 magiatrntna
1178 1919 1300 2002 populi
1325 1920 1475 1993 Romam·

141 2030 306 2081 eorumne
333 2006 478 2073 comita
503 2022 626 2073 contro
654 2014 747 2095 leger
768 2011 935 2094 ριοιιηίαι
961 2009 1148 2092 cupierant,
1181 2012 1305 2096 quidue
1334 2014 1475 2079 commi.

142 2104 290 2179 σιἰιιηί,
311 2122 434 2171 mm
447 2101 658 2169 iniuriarum
676 2126 762 2189 ergo
779 2108 910 2175 Romae
926 2103 1093 2188 quiritur-i
1106 2102 1302 2192 iudicioque
1317 2109 1475 2192 quaerito

142 2218 210 2265 aaa
230 2209 388 2283 repeure
404 2197 636 2281 provinciales
653 2210 808 2284 poseant.
853 2196 952 2271 Conl'.
976 2199 1027 2269 De
1048 2198 1278 2269 Rauennatem.

480 2384 486 2396 ·
600 2356 795 2431 Cananema
816 2356 858 2421 de
879 2357 1022 2423 ambitu.

233 2480 406 2559 ,Tertium
433 2493 481 2547 eat
504 2484 543 2547 de
561 2482 668 2569 legum
690 2478 967 2565 derogationibus.
1012 2479 1088 2559 Quo
1113 2481 1152 2545 de
1177 2502 1296 2568 genere
1318 2502 1475 2569 φιιιιιιμ

147 2589 278 2643 matus
304 2578 448 2642 consulta
470 2575 566 2657 liunt,
587 2590 622 2640 ut
647 2598 749 2660 nuper
774 2578 813 2638 de
839 2574 906 2657 ipsa
930 2574 1000 2659 lege
1023 2576 1231 2658 Calpurnio,
1262 2576 1314 2641 cui
1339 2581 1478 2666 deroga·

146 2670 272 2737 καθ’
316 2669 588 2756 Coroeblragm.
613 2673 666 2734 11.
688 2692 724 2753 p.
747 2672 822 2736 ate.
866 2668 962 2750 „ch
978 2669 1057 2732 haec
1071 2670 1262 2753 calpurnia
1275 2671 1317 2737 de
1329 2674 1488 2753 ambitum

148 2767 287 2831 Tolerat
303 2786 373 2830 eam
391 2777 462 2829 ante
484 2766 642 2830 biennium
664 2767 704 2830 C.
727 2764 936 2847 Calpur-uiua
956 2764 1039 2827 Piao
1058 2764 1169 2828 consul
1192 2770 1237 2845 (a.
1261 2788 1292 2830 u.
1314 2767 1421 2849 686),
1442 2758 1551 2921 ἰοχ-

147 2880 210 2946 qna
232 2871 365 2945 praeter
384 2860 460 2924 aliae
479 2881 600 2943 poenae
615 2857 795 2942 pecuniaria
815 2875 944 2941 quoque
959 2876 1063 2940 pneaa
1078 2867 1146 2921 erat
1161 2859 1295 2925 adieua.
1297 2859 1316 2887 ''
1348 2861 1473 2926 Aaron.

146 2953 177 3017 in
199 2952 342 3020 cornel.
368 2976 400 3037 p.
422 2955 480 3030 68,
505 2949 948 3020 enexaerumenon
969 2975 1027 3017 ιον
1050 2954 1474 3032 τεΠιοωνοςκοιατων

148 3050 352 3135 δεκασμοῦ
344 3054 415 3159 περὶ
440 3048 500 3126 τὰς
528 3046 633 3158 ἀρχὰς
660 3042 880 3132 ἁλισκομένων
908 3042 1147 3130 ἐνομοθειηθη
1172 3044 1255 3133 πρὸς
1282 3044 1475 3158 αὐτῶντῶν

146 3136 298 3218 ὑπάτων,
328 3138 401 3228 μηδ
426 3136 638 3230 tingitaniae
662 3144 742 3226 βου)
738 3139 831 3207 uiam
858 3140 952 3230 σφῶν
972 3141 1112 3224 μηδένα,
1139 3135 1225 3206 ἀλλὰ
1246 3166 1302 3209 και
1318 3139 1475 3231 χρήματα

146 3230 462 3327 προσοφλισκάνειν.
491 3235 666 3302 DioCaee.
683 3233 855 3300 xxxvl.
873 3234 982 3297 2l.-
1006 3234 1255 3316 „Superioribus
1275 3237 1474 3319 temporibua

147 3330 286 3393 damnati
304 3329 378 3414 lege
396 3328 549 3396 Cornelia
570 3332 634 3394 boe
653 3351 753 3414 genus
772 3348 894 3412 poenae
914 3327 1079 3414 terebant
1099 3338 1134 3388 ut
1153 3327 1392 3414 magistratuum
1415 3354 1473 3416 pe·

148 3423 261 3491 titioam
294 3444 356 3507 per
381 3427 489 3488 decem
519 3445 617 3488 annos
648 3424 851 3489 abstinerent.
902 3421 1079 3508 Aliquanto
1109 3436 1220 3504 poetea
1247 3429 1392 3493 severior
1421 3429 1474 3497 lea

148 3518 343 3600 Calpurnia
363 3529 395 3582 et
415 3518 547 3600 pecunia
562 3519 725 3594 multavit,
750 3529 782 3581 et
801 3517 830 3579 in
850 3528 1039 3599 perpetuum
1056 3517 1234 3582 honoribue
1253 3515 1343 3582 iaueit
1365 3539 1475 3585 carere

150 3612 331 3677 damnator.
374 3611 545 3677 Habebunt
569 3624 671 3677 tamen
695 3612 853 3676 licentiam
880 3611 1002 3674 Romae
1029 3609 1207 3674 morandi.’
1251 3612 1363 3677 Scbol.
1386 3613 1473 3681 Βοὴ.

149 3723 184 3786 p.
205 3703 269 3769 ³61
293 3725 364 3790 aeq.
385 3737 426 3752 -
450 3706 558 3787 „Pico
580 3727 651 3771 eum
678 3707 781 3793 legem
802 3707 840 3769 de
863 3704 996 3767 ambitu
1018 3724 1059 3767 ea
1080 3717 1206 3768 acuatua
1228 3709 1377 3775 ooneulto
1397 3727 1475 3789 gra·

152 3797 275 3865 tion·
303 3818 399 3907 quam
424 3798 531 3864 luerat
556 3811 648 3864 antea
669 3800 790 3876 ferret,
826 3812 857 3864 et
878 3809 1013 3882 propter
1034 3798 1261 3863 multitudinem
1282 3801 1473 3876 diviaomm,

149 3912 204 3977 qiu
224 3914 288 3975 per
309 3892 374 3956 viu
401 3896 673 3973 adversabantur,
708 3893 828 3958 eloco
857 3893 975 3956 eieeuu
1003 3903 1106 3967 earet,
1138 3892 1336 3957 edixeratid
1306 3893 1477 3976 ul,quoal
1519 3918 1522 3925 ·

151 3984 272 4053 cieeao
295 3984 471 4071 signifieat,
496 3989 563 4072 (qui
585 4010 653 4052 rem
677 3989 834 4095 publicam
856 3988 976 4051 aalvaaa
999 4007 1071 4050 ease
1095 3987 1226 4062 vellent,
1252 3997 1286 4051 ut
1310 3988 1350 4051 ad
1370 3985 1475 4070 legem

149 4078 366 4163 recipiendam
389 4082 556 4160 adeueut)
586 4093 618 4145 et
639 4081 761 4146 maiore
788 4103 879 4145 manu
902 4082 1038 4163 stipatus
1066 4081 1107 4144 ad
1128 4080 1231 4166 legem
1256 4079 1502 4162 perferendam·

148 4172 393 4239 tuamen&
436 4179 562 4239 Aaron.
589 4175 622 4238 iu
648 4173 782 4242 Cornel.
808 4199 841 4259 p.
872 4177 930 4252 75,
957 4176 1009 4238 10.
1032 4207 1075 4218 -
1110 4175 1208 4258 „Ego
1237 4195 1273 4238 ea
1303 4172 1374 4254 lege
1399 4190 1480 4235 ono·

149 4277 256 4331 tentua
278 4288 372 4343 eum,
393 4289 455 4353 qua
475 4271 555 4333 duos
576 4269 722 4332 consules
743 4270 926 4354 designatos
949 4271 1005 4349 (P.
1026 4268 1145 4331 Sullam
1167 4280 1197 4329 et
1211 4268 1253 4332 P.
1270 4264 1479 4344 Autronium)

149 4382 212 4428 ano
227 4374 379 4445 tenpore
403 4366 446 4443 (a.
469 4385 503 4426 u.
525 4363 615 4442 687.)
637 4363 776 4426 damnari
800 4361 963 4445 vidium]
987 4364 1111 4445 Legem
1135 4360 1360 4443 Calpurniam
1380 4356 1481 4445 eigai·

149 4455 245 4534 icat,
278 4477 375 4541 quam
403 4459 443 4523 0.
465 4456 676 4540 Calpurnius
698 4456 781 4521 Piao
806 4469 878 4520 ante
907 4455 1074 4518 triennium
1100 4455 1142 4518 de
1168 4453 1301 4517 ambitu
1331 4454 1458 4518 tulerat.
1462 4453 1481 4480 ''

149 4500 373 4633 bacciniuap.
399 4549 440 4614 88
463 4572 514 4634 aq.
559 4549 659 4615 Cous.
688 4551 807 4615 Saluet.
832 4547 928 4615 Catil.
954 4570 984 4612 ο.
1009 4550 1123 4611 18.-
1160 4548 1309 4631 „Legem
1334 4547 1485 4612 ambiens

150 4642 328 4763 lagitaati,
351 4665 434 4730 quae
454 4644 512 4709 tibi
533 4665 596 4709 non
617 4648 738 4708 deerat.
783 4645 864 4708 Erat
882 4641 964 4707 enim
983 4639 1184 4705 severissime
1204 4641 1322 4724 scripta
1342 4644 1488 4726 Colum·-

151 4738 248 4803 ninl'
283 4756 348 4821 pro
373 4739 514 4802 Murena
539 4738 597 4813 93,
622 4740 740 4804 66.-
762 4736 903 4813 „Dixisti
919 4734 1238 4800 seuatmconaultum
1262 4757 1310 4799 me
1328 4736 1491 4801 referente

148 4851 218 4897 eaec
249 4830 394 4898 iactum
424 4831 458 4896 ai
484 4831 638 4898 mercede
658 4831 816 4919 coarmata
837 4831 971 4899 motam
990 4830 1186 4897 eandidotia
1205 4829 1333 4909 iacent,
1354 4830 1387 4895 ei
1406 4849 1488 4896 ron·
