3202 5318
557 318 1006 413 'sussen-nanum.
1431 347 1472 414 νο

139 484 253 549 minat.
304 482 365 549 His
391 495 496 549 autem
517 486 652 568 spectris
675 484 767 550 etium
786 487 813 552 si
839 485 924 553 oculi
947 494 1083 570 possent
1100 485 1211 565 feriri,
1242 489 1330 574 quosl
1357 489 1473 555 veliis

136 580 204 663 ipsa
225 590 428 645 occurerunt:
452 580 574 643 animus
595 579 651 666 qui
662 582 783 664 possit,
808 602 872 668 ego
890 602 955 646 non
975 581 1083 647 video.
1107 582 1236 646 Doceas
1250 592 1285 647 tn
1302 605 1352 650 me
1371 605 1474 667 opoe-

139 675 239 750 sebit,
265 694 338 736 cum
360 673 470 737 salvus
490 672 636 751 veneris,
660 674 693 739 in
717 697 826 740 meane
849 687 1012 758 potestate
1033 674 1075 739 sit
1098 688 1260 760 spectrum
1285 685 1387 757 tasum,
1419 692 1471 756 ut,

136 768 270 833 simulac
293 767 367 831 mihi
390 768 568 833 collibitum
588 768 628 833 sit
653 771 693 833 de
715 781 747 834 te
765 770 927 856 cogitare,
950 771 1029 834 illud
1053 781 1221 835 occurrat:
1245 792 1348 856 nequae
1369 773 1473 839 solum

135 867 175 930 δι·
191 876 246 940 te,
270 861 327 950 qui
342 861 420 926 nihi
434 861 593 927 haeresin
616 864 781 941 medullis,
814 866 885 939 sed,
911 865 939 928 si
957 864 1090 928 inssslam
1114 863 1311 929 Britanniam
1330 887 1473 951 coepero

135 958 305 1044 cogitare,
329 957 398 1021 eius
419 962 552 1024 εἴδωλον
573 957 648 1021 mihi
668 958 833 1024 advolabit
852 960 892 1022 ad
912 957 1078 1042 pectus?”
1124 961 1163 1022 ad
1187 960 1280 1024 Fam.
1303 962 1387 1027 XV.
1412 964 1471 1041 16,

135 1057 168 1118 1.
191 1053 227 1116 2.
250 1083 293 1097 -
336 1051 499 1134 ,.Α1οιοί,
528 1051 638 1129 inane,
669 1051 842 1138 imagines,
874 1074 955 1136 quae
978 1059 1098 1119 εἴδωλα
1121 1053 1302 1132 nominant,
1335 1078 1472 1140 quaerum

133 1146 320 1211 incursione
346 1164 412 1210 nnn
443 1147 546 1211 solum
572 1145 753 1224 videamus,
787 1148 959 1210 sedetiam
989 1147 1189 1232 cogitemus:
1225 1149 1360 1216 infinitio
1382 1150 1467 1235 ipsa,

134 1263 237 1328 quam
260 1243 417 1325 ἀπειρίαν
439 1253 575 1318 vocant,
606 1252 675 1306 tota
699 1243 739 1305 ab
764 1241 820 1306 illo
842 1240 1074 1322 (Democrito)
1100 1254 1172 1305 est:
1205 1254 1271 1327 tum
1291 1244 1474 1310 innumera·

135 1338 222 1402 biles
244 1336 369 1411 mundi,
404 1337 459 1420 qsri
489 1347 521 1401 et
549 1335 695 1400 oriantur
720 1348 752 1399 et
782 1335 941 1399 intereant
966 1334 1150 1420 quintinus
1194 1340 1233 1400 dc
1256 1338 1351 1404 Finn.
1375 1341 1406 1407 1.
1429 1342 1472 1418 6,

136 1424 192 1496 21.
223 1465 265 1478 -
312 1436 378 1519 „Si
403 1435 473 1502 κατ’
496 1431 637 1498 είδιίλων
653 1429 831 1516 ἐμπτώσεις
855 1429 1060 1506 videremus,
1097 1430 1189 1494 valde
1214 1431 1401 1499 laborarent
1429 1438 1474 1503 ei·

136 1527 257 1592 aeta
248 1550 280 1592 m
303 1527 477 1616 angustiis.
508 1548 592 1590 nume
609 1526 646 1588 lit
671 1525 776 1608 lepide
795 1525 849 1588 illa
872 1524 1004 1604 ἔκχυσις
1021 1516 1225 1591 1·aulios·um.'’¹
1268 1529 1307 1591 ad
1329 1532 1400 1596 Att.
1422 1529 1473 1596 ll.

135 1621 173 1698 3,
197 1621 233 1686 2.
257 1623 337 1691 Viti.
356 1623 468 1691 Ἔστω
496 1622 576 1703 ὄψις
596 1631 659 1682 cet.

221 1719 333 1795 mnf
347 1744 405 1787 σοι
432 1724 531 1803 λέγω,
560 1713 673 1779 aciens
696 1712 758 1777 1τίιι
769 1713 857 1779 dzco
901 1717 940 1777 ad
961 1715 1033 1780 Ast.
1056 1716 1122 1782 IX.
1148 1721 1183 1793 7,
1209 1718 1242 1782 3.

220 1816 287 1892 Et
315 1812 454 1898 maeste
482 1818 578 1894 φίλος
602 1809 706 1884 οίκσς,
740 1807 822 1873 odio
848 1808 895 1872 sit
923 1809 1002 1893 ipen
1022 1810 1144 1877 domus
1171 1813 1261 1877 alios
1288 1835 1384 1881 σανα.
1433 1790 1484 1880 ορ.

134 1907 207 1971 Α11.
236 1907 305 1970 lV.
327 1908 453 1982 8a,l.
498 1902 716 1970 Proverbinm
742 1903 902 1965 Graecum
920 1914 990 1968 est·
1022 1904 1110 1982 οἶκος
1139 1914 1256 1989 φίλος,
1283 1909 1421 1986 olane*
1395 1938 1418 1977 α
1420 1937 1472 2000 ρι-

134 2028 230 2078 στος,
255 2000 346 2065 cuisrs
367 2001 524 2084 originem
548 1998 613 2061 vid.
632 2018 686 2080 ap.
713 1999 879 2061 Erasmum
896 2019 973 2084 pag
992 1999 1067 2063 563.
1113 2001 1166 2065 Εο
1190 2023 1264 2066 usus
1280 2016 1330 2067 est
1350 2004 1470 2072 Cicero

135 2098 262 2160 auset.
286 2096 371 2160 XV.
395 2095 483 2159 1⁶13.
528 2094 709 2156 Hicautem
728 2103 845 2155 tantam
873 2095 1059 2157 stravitatem
1089 2116 1159 2159 esse
1184 2095 1473 2187 iucunditatemque

137 2190 212 2255 dicit
235 2190 361 2254 aedium
384 2188 641 2263 Antunnacum,
666 2197 774 2249 utsua
797 2185 858 2250 sibi
877 2188 990 2253 donus
1009 2210 1108 2294 paene
1132 2190 1207 2255 odio
1231 2191 1285 2255 sit.
1331 2194 1415 2258 Eun.

217 2288 428 2371 Εἰλικρινές,
452 2283 647 2354 sincerum,
675 2301 826 2365 purum,
861 2282 950 2365 quod
974 2281 1068 2345 etiam
1093 2286 1131 2346 aa
1154 2285 1256 2349 solem
1280 2288 1472 2370 explicatum

136 2391 167 2442 et
186 2380 368 2464 inspectum
390 2398 505 2460 purum
534 2374 711 2459 reperitur.
768 2374 822 2437 Sic
851 2377 933 2459 πρὸς
961 2378 1086 2460 αὐγάς,
1116 2399 1164 2441 sc.
1191 2382 1349 2460 ἡλίου,’
1327 2410 1473 2451 ανασκο-

138 2489 207 2542 πεῖν
232 2503 264 2541 τι
292 2472 422 2537 dieitur.
468 2471 612 2555 Longin.
644 2470 680 2534 S.
706 2470 775 2534 Ill.
801 2473 831 2531 l.
864 2473 945 2536 Κάν
970 2470 1114 2538 ἕκαστον
1136 2476 1245 2540 αὐτῶν
1267 2476 1349 2561 πρὸς
1367 2478 1474 2563 αὐγάς

139 2573 349 2654 ἀνασκοπῇς,
375 2566 430 2630 ubi
451 2564 514 2630 vid.
538 2566 679 2629 Fabrum
700 2576 730 2626 et
751 2564 906 2627 Tettium.
931 2566 1017 2628 Enu.
1062 2566 1171 2640 „Mihi
1192 2590 1262 2632 cum
1281 2591 1336 2633 sua
1358 2585 1473 2655 sponte

139 2666 330 2739 luctandum,
359 2671 426 2724 tum
453 2659 637 2735 iucundius,
662 2661 750 2743 quod
774 2679 822 2721 me
847 2660 978 2721 absente
1008 2661 1078 2740 (est
1100 2661 1181 2725 enim
1205 2670 1373 2751 εἰλικρινές
1394 2665 1474 2730 iudi·

139 2759 243 2836 cium)
266 2757 333 2821 sine
355 2753 620 2840 oppugnatione,
644 2752 713 2816 sine
737 2753 840 2835 gratia
859 2753 1007 2817 nostra.'’
1051 2755 1091 2817 ad
1114 2756 1158 2834 Q.
1181 2755 1225 2820 lr.
1250 2759 1297 2823 11.
1318 2760 1355 2836 8,
1385 2763 1418 2824 1.

223 2856 442 2936 Εἱμαρμένη,
469 2847 608 2941 saeclis
643 2846 852 2922 necessitas,
876 2845 1021 2938 satum.
1079 2849 1187 2930 ,Hinc
1222 2852 1314 2916 vobis
1330 2897 1333 2901 -
1350 2851 1474 2918 exstitit

139 2947 275 3031 primum
301 2945 356 3008 illa
382 2944 488 3008 fatalis
510 2941 701 3017 necessitas,
733 2963 826 3025 quiam
856 2951 1053 3028 εἱμαρμένην
1081 2944 1205 3021 dicitis,
1236 2958 1286 3021 ut,
1321 2946 1474 3032 quidquid

139 3043 279 3116 accidat,
304 3041 336 3104 id
358 3062 398 3103 ex
422 3051 547 3101 aeterna
581 3035 716 3100 veritate
746 3058 976 3122 causarumque
1006 3040 1242 3103 continuatione
1267 3042 1398 3106 illuxisse
1425 3044 1473 3107 di·

139 3136 261 3200 catis.”
320 3137 358 3196 (le
389 3136 465 3198 Nat.
497 3133 603 3197 Deor.
636 3131 666 3193 l.
698 3132 757 3206 20,
794 3133 846 3195 55.
877 3163 915 3173 -
968 3133 1108 3213 „Fatum
1137 3147 1241 3199 autem
1264 3136 1297 3199 id
1319 3140 1471 3220 appello,

139 3234 225 3315 quod
254 3226 373 3293 Graeci
404 3235 617 3314 εἱμαρμένην,
654 3226 684 3288 iu
715 3237 779 3300 cst,
815 3226 958 3290 ordinem
982 3227 1161 3313 seriemque
1184 3252 1369 3310 causarum,
1401 3256 1472 3297 cum

140 3345 232 3388 causa
257 3344 373 3386 causae
395 3341 478 3384 nexa
500 3342 566 3383 rem
591 3341 631 3382 ex
654 3341 688 3382 sc
711 3320 863 3404 gignat.''
907 3324 946 3382 sle
968 3321 1079 3386 Divin.
1103 3324 1133 3386 1.
1158 3325 1218 3400 55,
1245 3325 1316 3395 125,

222 3422 267 3484 Ei
307 3429 457 3500 μενετέον
495 3402 601 3498 &sesi
648 3421 780 3497 πατρίδι
829 3430 1076 3501 τυραννουμένῃ.
1135 3422 1405 3505 Τυραννουμένης
1439 3429 1474 3490 δὲ

140 3516 262 3594 αὐτῆς,
295 3522 323 3577 εἰ
350 3522 447 3576 παντί
470 3509 579 3596 τρόπῳ
604 3515 792 3595 τυραννίδος
817 3512 997 3575 κατάλυσιν
1018 3527 1282 3596 πραγματευτέον
1297 3519 1360 3582 κάν
1373 3524 1472 3601 μέλλῃ

141 3606 196 3673 διὰ
228 3612 325 3673 τοῦτο
356 3617 430 3692 περὶ
467 3609 529 3670 τῶν
561 3604 692 3668 ὅλωνι
675 3633 736 3682 η
728 3603 820 3678 πόλις
852 3605 1077 3670 κινδυνείσειν.
1118 3611 1161 3672 Εἰ
1192 3611 1388 3688 εὐλαβητέον
1418 3612 1473 3677 τὸν

142 3702 366 3776 καταλύοντα,
393 3728 438 3783 μη
463 3699 563 3774 αυτὸς
584 3704 727 3785 αῐρηται
767 3701 810 3762 Εἰ
839 3713 1009 3785 πειρατέον
1037 3701 1174 3788 ἁρηγειν
1198 3730 1235 3787 τη
1264 3711 1398 3805 πατρίδι
1420 3733 1473 3770 τυ-

142 3809 345 3881 ραννουμένη
370 3799 479 3913 καιρῷ
499 3805 556 3858 καλ
578 3793 662 3876 λόγῳ
683 3796 830 3876 μάλλον,
862 3797 882 3872 ἤ
907 3801 1045 3878 πολέμῳ
1087 3799 1131 3861 Εἰ
1152 3799 1319 3864 πολιτικὸν
1339 3787 1382 3863 τὸ
1394 3802 1473 3878 iou-

142 3891 253 4007 χάζετο
276 3888 547 3975 ἀναχωρήσαντά
573 3914 651 3966 ποι,
681 3892 734 3967 τῆς
764 3893 919 3975 πατρίδος
952 3905 1220 3976 τυραννουμένης,
1250 3896 1272 3972 ἢ
1302 3895 1358 3959 διά
1390 3920 1474 3960 παν-

143 3987 196 4063 τὸς
215 3994 305 4053 lator
328 3983 478 4050 κινδύνου
500 3987 553 4062 τῆς
577 3989 762 4069 ἐλευθερίας
784 3996 868 4069 πέρι.
916 3988 959 4049 Εἰ
983 3985 1125 4069 πόλεμον
1146 3997 1303 4054 ἐπακτέον
1324 4016 1360 4074 τη
1378 3987 1473 4074 κάρᾳ

140 4091 195 4147 καλ
223 4084 460 4163 πολιορκητέον
483 4077 603 4156 ταύτην
628 4092 894 4164 τυραννουμένην.
946 4083 989 4144 Εἰ
1016 4092 1073 4145 καί
1099 4082 1145 4164 μή
1174 4085 1392 4168 δοκιμάζοντα
1416 4087 1473 4166 τήν

137 4174 190 4241 διά
220 4180 369 4258 πολέμου
387 4173 569 4239 κατάλυσιν
588 4176 641 4252 τῆς
669 4179 873 4258 τυραννίδος,
904 4189 1196 4261 συναπογραπτέον
1213 4178 1301 4262 ὅμως
1316 4196 1381 4258 τοῖς
1397 4185 1474 4270 ἀρί-

136 4297 232 4347 στοις.
273 4274 318 4336 Εἰ
343 4283 407 4345 τοῖς
429 4271 612 4352 ειῗεργέταις
631 4279 687 4332 καλ
707 4274 817 4348 φίλοις
836 4276 1118 4351 συγκινδυνευτέον
1134 4283 1170 4336 ἐν
1189 4286 1253 4347 τοῖς
1273 4282 1471 4353 πολιτικοῖς,

136 4370 194 4431 κάν
220 4362 266 4448 psai
295 4367 440 4430 δοκόσιν
463 4359 503 4434 εὖ.
520 4368 764 4444 βεβουλεῦσθαι
787 4375 860 4450 περὶ
884 4369 946 4430 τῶν
961 4366 1054 4431 ὅλων.
1085 4371 1162 4433 Eia
1184 4371 1312 4451 μεγάλα
1332 4373 1389 4452 τὴν
1409 4399 1474 4438 πα-

141 4467 232 4547 τρίδα
258 4458 491 4543 εὐεργετήσας,
523 4460 564 4522 δι’
591 4456 675 4522 αὐτό
697 4484 728 4522 τε
745 4463 838 4523 τοῦτο
858 4459 1021 4539 ἀνήκεστα
1048 4462 1164 4526 παθών
1193 4473 1250 4526 καί
1277 4473 1472 4545 eternitate,

139 4555 373 4621 κινδυνεύσειεν
403 4555 446 4616 άν
471 4552 641 4630 ἐθελοντής
668 4554 749 4638 ὑπὲρ
777 4558 830 4632 τῆς
856 4559 1019 4641 πατρίδος.
1063 4559 1106 4620 El
1128 4566 1261 4637 ἐφετέον
1282 4562 1374 4642 αὐτῷ
1397 4571 1474 4626 έαυ-

140 4656 191 4715 τοῦ
219 4676 298 4715 ποτε
330 4658 388 4712 καί
414 4652 476 4713 τῶν
501 4647 709 4712 οἰκειοτάτων
734 4656 902 4714 ποιεῖσθαι
933 4650 1095 4733 πρόνοιαν
1126 4653 1281 4735 ἀφιεμένῳ
1306 4654 1363 4729 τάς
1390 4655 1473 4741 πρὸς

143 4747 208 4821 soie
230 4743 411 4824 ἰσχύοντας
434 4747 665 4817 διαπολιτείας.
695 4744 752 4807 An
775 4742 982 4805 manendum
1004 4742 1039 4804 in
1059 4745 1180 4826 patria
1201 4747 1391 4834 tyrannide
1411 4769 1473 4830 op·

142 4857 279 4920 praeeo:
317 4856 362 4902 eo
389 4858 471 4902 nero
498 4834 686 4924 tyruatnitle
717 4858 886 4921 oppressa
913 4857 959 4899 on
990 4839 1110 4921 quouis
1139 4841 1242 4906 modo
1272 4839 1474 4926 tyrannidis
