<?xml version="1.0" encoding="UTF-8"?>
<!DOCTYPE html PUBLIC "-//W3C//DTD XHTML 1.0 Transitional//EN"
    "http://www.w3.org/TR/xhtml1/DTD/xhtml1-transitional.dtd">
<html xmlns="http://www.w3.org/1999/xhtml" xml:lang="en" lang="en">
 <head>
  <title>
</title>
<meta http-equiv="Content-Type" content="text/html;charset=utf-8" />
  <meta name='ocr-system' content='tesseract 3.04.00' />
  <meta name='ocr-capabilities' content='ocr_page ocr_carea ocr_par ocr_line ocrx_word'/>
</head>
<body>
  <div class='ocr_page' id='page_1' title='image "./operaquaesupers05halmgoog/operaquaesupers05halmgoog_0422.png"; bbox 0 0 3202 5318; ppageno 0'>
   <div class='ocr_carea' id='block_1_1' title="bbox 377 280 1388 403">
    <p class='ocr_par' dir='ltr' id='par_1_1' title="bbox 377 280 1388 403">
     <span class='ocr_line' id='line_1_1' title="bbox 377 280 1388 403; baseline 0.014 -13"><span class='ocrx_word' id='word_1_1' title='bbox 377 280 405 391; x_wconf 64' lang='lat' dir='ltr'><strong>s</strong></span> <span class='ocrx_word' id='word_1_2' title='bbox 467 324 620 393; x_wconf 75' lang='lat' dir='ltr'><strong>innox</strong></span> <span class='ocrx_word' id='word_1_3' title='bbox 640 326 993 399; x_wconf 70' lang='lat' dir='ltr'><strong>coruncanum.</strong></span> <span class='ocrx_word' id='word_1_4' title='bbox 1328 338 1388 403; x_wconf 81' lang='lat' dir='ltr'><strong>sot</strong></span> 
     </span>
    </p>
   </div>
   <div class='ocr_carea' id='block_1_2' title="bbox 57 463 1532 4780">
    <p class='ocr_par' dir='ltr' id='par_1_2' title="bbox 157 463 891 547">
     <span class='ocr_line' id='line_1_2' title="bbox 157 463 891 547; baseline 0.004 -16"><span class='ocrx_word' id='word_1_5' title='bbox 157 465 262 531; x_wconf 89' lang='lat' dir='ltr'><strong>Ludi</strong></span> <span class='ocrx_word' id='word_1_6' title='bbox 284 463 427 531; x_wconf 84' lang='lat' dir='ltr'><strong>votivi.</strong></span> <span class='ocrx_word' id='word_1_7' title='bbox 470 468 570 531; x_wconf 89' lang='lat' dir='ltr'><strong>Verr.</strong></span> <span class='ocrx_word' id='word_1_8' title='bbox 594 471 670 532; x_wconf 86' lang='lat' dir='ltr'><strong>Act.</strong></span> <span class='ocrx_word' id='word_1_9' title='bbox 696 471 730 545; x_wconf 99' lang='grc'><strong>1,</strong></span> <span class='ocrx_word' id='word_1_10' title='bbox 757 472 813 547; x_wconf 93' lang='grc'><strong>10,</strong></span> <span class='ocrx_word' id='word_1_11' title='bbox 838 472 891 534; x_wconf 94' lang='grc'><strong>31.</strong></span> 
     </span>
    </p>

    <p class='ocr_par' dir='ltr' id='par_1_3' title="bbox 66 559 1388 740">
     <span class='ocr_line' id='line_1_3' title="bbox 155 559 1388 656; baseline 0.01 -32"><span class='ocrx_word' id='word_1_12' title='bbox 155 562 294 626; x_wconf 86' lang='lat' dir='ltr'><strong>Ludos</strong></span> <span class='ocrx_word' id='word_1_13' title='bbox 316 559 439 624; x_wconf 89' lang='lat' dir='ltr'><strong>minus</strong></span> <span class='ocrx_word' id='word_1_14' title='bbox 462 560 690 645; x_wconf 80' lang='lat' dir='ltr'><strong>diligenter</strong></span> <span class='ocrx_word' id='word_1_15' title='bbox 711 562 845 628; x_wconf 86' lang='lat' dir='ltr'><strong>factos</strong></span> <span class='ocrx_word' id='word_1_16' title='bbox 867 565 1149 650; x_wconf 87' lang='lat' dir='ltr'><strong>pollutosque.</strong></span> <span class='ocrx_word' id='word_1_17' title='bbox 1183 569 1221 631; x_wconf 92' lang='lat' dir='ltr'><strong>de</strong></span> <span class='ocrx_word' id='word_1_18' title='bbox 1243 568 1388 656; x_wconf 83' lang='lat' dir='ltr'><strong>Harusp.</strong></span> 
     </span>
     <span class='ocr_line' id='line_1_4' title="bbox 66 655 328 740; baseline -0.008 -20"><span class='ocrx_word' id='word_1_19' title='bbox 66 656 169 740; x_wconf 80' lang='lat' dir='ltr'><strong>Hesp.</strong></span> <span class='ocrx_word' id='word_1_20' title='bbox 195 657 252 731; x_wconf 93' lang='grc'><strong>10,</strong></span> <span class='ocrx_word' id='word_1_21' title='bbox 276 655 328 718; x_wconf 99' lang='grc'><strong>91.</strong></span> 
     </span>
    </p>

    <p class='ocr_par' dir='ltr' id='par_1_4' title="bbox 149 749 944 828">
     <span class='ocr_line' id='line_1_5' title="bbox 149 749 944 828; baseline 0.006 -16"><span class='ocrx_word' id='word_1_22' title='bbox 149 749 356 813; x_wconf 88' lang='lat' dir='ltr'><strong>Luminnm</strong></span> <span class='ocrx_word' id='word_1_23' title='bbox 385 749 460 813; x_wconf 89' lang='lat' dir='ltr'><strong>ius.</strong></span> <span class='ocrx_word' id='word_1_24' title='bbox 496 752 535 813; x_wconf 91' lang='lat' dir='ltr'><strong>de</strong></span> <span class='ocrx_word' id='word_1_25' title='bbox 560 750 621 815; x_wconf 91' lang='lat' dir='ltr'><strong>Or.</strong></span> <span class='ocrx_word' id='word_1_26' title='bbox 646 754 683 828; x_wconf 95' lang='grc'><strong>1,</strong></span> <span class='ocrx_word' id='word_1_27' title='bbox 707 750 767 827; x_wconf 93' lang='grc'><strong>39,</strong></span> <span class='ocrx_word' id='word_1_28' title='bbox 795 753 868 817; x_wconf 92' lang='grc'><strong>179.</strong></span> <span class='ocrx_word' id='word_1_29' title='bbox 939 798 944 817; x_wconf 88' lang='grc'><strong>.</strong></span> 
     </span>
    </p>

    <p class='ocr_par' dir='ltr' id='par_1_5' title="bbox 147 842 1247 928">
     <span class='ocr_line' id='line_1_6' title="bbox 147 842 1247 928; baseline 0.004 -20"><span class='ocrx_word' id='word_1_30' title='bbox 147 844 281 908; x_wconf 87' lang='lat' dir='ltr'><strong>Macte</strong></span> <span class='ocrx_word' id='word_1_31' title='bbox 305 842 478 906; x_wconf 82' lang='lat' dir='ltr'><strong>virtute!</strong></span> <span class='ocrx_word' id='word_1_32' title='bbox 512 845 551 905; x_wconf 88' lang='lat' dir='ltr'><strong>ad</strong></span> <span class='ocrx_word' id='word_1_33' title='bbox 579 844 650 907; x_wconf 88' lang='lat' dir='ltr'><strong>Att.</strong></span> <span class='ocrx_word' id='word_1_34' title='bbox 676 845 732 922; x_wconf 92' lang='grc'><strong>19,</strong></span> <span class='ocrx_word' id='word_1_35' title='bbox 757 845 794 923; x_wconf 97' lang='grc'><strong>6,</strong></span> <span class='ocrx_word' id='word_1_36' title='bbox 820 847 851 908; x_wconf 89' lang='grc'><strong>9.</strong></span> <span class='ocrx_word' id='word_1_37' title='bbox 887 848 1022 912; x_wconf 87' lang='lat' dir='ltr'><strong>Tuscul.</strong></span> <span class='ocrx_word' id='word_1_38' title='bbox 1047 851 1083 925; x_wconf 97' lang='grc'><strong>1,</strong></span> <span class='ocrx_word' id='word_1_39' title='bbox 1110 852 1168 928; x_wconf 88' lang='grc'><strong>17,</strong></span> <span class='ocrx_word' id='word_1_40' title='bbox 1194 850 1247 912; x_wconf 89' lang='grc'><strong>10.</strong></span> 
     </span>
    </p>

    <p class='ocr_par' dir='ltr' id='par_1_6' title="bbox 64 934 1529 1211">
     <span class='ocr_line' id='line_1_7' title="bbox 67 934 1529 1028; baseline 0.007 -29"><span class='ocrx_word' id='word_1_41' title='bbox 67 942 78 963; x_wconf 69' lang='grc'><strong>“</strong></span> <span class='ocrx_word' id='word_1_42' title='bbox 148 935 352 1023; x_wconf 77' lang='lat' dir='ltr'><strong>Magister</strong></span> <span class='ocrx_word' id='word_1_43' title='bbox 381 936 528 1020; x_wconf 87' lang='lat' dir='ltr'><strong>populi</strong></span> <span class='ocrx_word' id='word_1_44' title='bbox 560 937 697 1002; x_wconf 88' lang='lat' dir='ltr'><strong>dictator</strong></span> <span class='ocrx_word' id='word_1_45' title='bbox 728 940 908 1022; x_wconf 87' lang='lat' dir='ltr'><strong>appellator</strong></span> <span class='ocrx_word' id='word_1_46' title='bbox 942 941 972 1004; x_wconf 91' lang='lat' dir='ltr'><strong>in</strong></span> <span class='ocrx_word' id='word_1_47' title='bbox 1006 943 1177 1028; x_wconf 86' lang='lat' dir='ltr'><strong>Augurum</strong></span> <span class='ocrx_word' id='word_1_48' title='bbox 1210 941 1316 1007; x_wconf 85' lang='lat' dir='ltr'><strong>libris.</strong></span> <span class='ocrx_word' id='word_1_49' title='bbox 1352 945 1391 1008; x_wconf 92' lang='lat' dir='ltr'><strong>de</strong></span> <span class='ocrx_word' id='word_1_50' title='bbox 1445 934 1459 971; x_wconf 76' lang='lat'><strong>¹</strong></span> <span class='ocrx_word' id='word_1_51' title='bbox 1526 1012 1529 1017; x_wconf 75' lang='grc'><strong>,</strong></span> 
     </span>
     <span class='ocr_line' id='line_1_8' title="bbox 64 1029 1485 1116; baseline -0.006 -18"><span class='ocrx_word' id='word_1_52' title='bbox 64 1035 153 1116; x_wconf 87' lang='lat' dir='ltr'><strong>Rep.</strong></span> <span class='ocrx_word' id='word_1_53' title='bbox 177 1035 211 1110; x_wconf 94' lang='grc'><strong>1,</strong></span> <span class='ocrx_word' id='word_1_54' title='bbox 238 1032 298 1109; x_wconf 88' lang='grc'><strong>10,</strong></span> <span class='ocrx_word' id='word_1_55' title='bbox 320 1029 374 1094; x_wconf 92' lang='grc'><strong>63.</strong></span> <span class='ocrx_word' id='word_1_56' title='bbox 1478 1046 1485 1064; x_wconf 50' lang='lat' dir='ltr'><strong>t</strong></span> 
     </span>
     <span class='ocr_line' id='line_1_9' title="bbox 149 1123 1391 1211; baseline 0.005 -21"><span class='ocrx_word' id='word_1_57' title='bbox 149 1125 354 1209; x_wconf 83' lang='lat' dir='ltr'><strong>Magister</strong></span> <span class='ocrx_word' id='word_1_58' title='bbox 375 1123 601 1188; x_wconf 87' lang='lat' dir='ltr'><strong>societatis</strong></span> <span class='ocrx_word' id='word_1_59' title='bbox 623 1125 880 1208; x_wconf 76' lang='lat' dir='ltr'><strong>publicanorum.</strong></span> <span class='ocrx_word' id='word_1_60' title='bbox 905 1128 1007 1193; x_wconf 90' lang='lat' dir='ltr'><strong>Verr.</strong></span> <span class='ocrx_word' id='word_1_61' title='bbox 1025 1130 1145 1195; x_wconf 87' lang='lat' dir='ltr'><strong>Acctts.</strong></span> <span class='ocrx_word' id='word_1_62' title='bbox 1169 1131 1208 1209; x_wconf 91' lang='grc'><strong>9,</strong></span> <span class='ocrx_word' id='word_1_63' title='bbox 1233 1132 1291 1211; x_wconf 94' lang='grc'><strong>71,</strong></span> <span class='ocrx_word' id='word_1_64' title='bbox 1316 1132 1391 1196; x_wconf 92' lang='grc'><strong>173.</strong></span> 
     </span>
    </p>

    <p class='ocr_par' dir='ltr' id='par_1_7' title="bbox 61 1216 507 1305">
     <span class='ocr_line' id='line_1_10' title="bbox 61 1216 507 1305; baseline -0.009 -21"><span class='ocrx_word' id='word_1_65' title='bbox 61 1257 104 1268; x_wconf 93' lang='grc'>-</span> <span class='ocrx_word' id='word_1_66' title='bbox 126 1240 189 1305; x_wconf 94' lang='lat' dir='ltr'><strong>pro</strong></span> <span class='ocrx_word' id='word_1_67' title='bbox 210 1216 348 1285; x_wconf 85' lang='lat' dir='ltr'><strong>Plancio</strong></span> <span class='ocrx_word' id='word_1_68' title='bbox 373 1217 429 1292; x_wconf 92' lang='grc'><strong>13,</strong></span> <span class='ocrx_word' id='word_1_69' title='bbox 453 1217 507 1280; x_wconf 92' lang='grc'><strong>39.</strong></span> 
     </span>
    </p>

    <p class='ocr_par' dir='ltr' id='par_1_8' title="bbox 150 1310 1223 1397">
     <span class='ocr_line' id='line_1_11' title="bbox 150 1310 1223 1397; baseline 0.004 -19"><span class='ocrx_word' id='word_1_70' title='bbox 150 1310 343 1397; x_wconf 76' lang='lat' dir='ltr'><strong>Magistri</strong></span> <span class='ocrx_word' id='word_1_71' title='bbox 364 1310 549 1392; x_wconf 78' lang='lat' dir='ltr'><strong>(auctionis)</strong></span> <span class='ocrx_word' id='word_1_72' title='bbox 571 1311 674 1377; x_wconf 84' lang='lat' dir='ltr'><strong>liunt</strong></span> <span class='ocrx_word' id='word_1_73' title='bbox 697 1311 803 1377; x_wconf 92' lang='lat' dir='ltr'><strong>alicui.</strong></span> <span class='ocrx_word' id='word_1_74' title='bbox 827 1334 889 1397; x_wconf 87' lang='lat' dir='ltr'><strong>pro</strong></span> <span class='ocrx_word' id='word_1_75' title='bbox 913 1315 1065 1396; x_wconf 85' lang='lat' dir='ltr'><strong>Quinctio</strong></span> <span class='ocrx_word' id='word_1_76' title='bbox 1089 1320 1146 1396; x_wconf 92' lang='grc'><strong>15,</strong></span> <span class='ocrx_word' id='word_1_77' title='bbox 1168 1319 1223 1382; x_wconf 89' lang='grc'><strong>50.</strong></span> 
     </span>
    </p>

    <p class='ocr_par' dir='ltr' id='par_1_9' title="bbox 65 1406 1519 1868">
     <span class='ocr_line' id='line_1_12' title="bbox 152 1406 1519 1495; baseline 0.007 -24"><span class='ocrx_word' id='word_1_78' title='bbox 152 1406 347 1472; x_wconf 87' lang='lat' dir='ltr'><strong>Maiestas</strong></span> <span class='ocrx_word' id='word_1_79' title='bbox 370 1417 418 1469; x_wconf 89' lang='lat' dir='ltr'><strong>est</strong></span> <span class='ocrx_word' id='word_1_80' title='bbox 433 1406 618 1491; x_wconf 83' lang='lat' dir='ltr'><strong>magnitudo</strong></span> <span class='ocrx_word' id='word_1_81' title='bbox 632 1409 783 1492; x_wconf 84' lang='lat' dir='ltr'><strong>quasdam</strong></span> <span class='ocrx_word' id='word_1_82' title='bbox 799 1408 909 1490; x_wconf 87' lang='lat' dir='ltr'><strong>populi</strong></span> <span class='ocrx_word' id='word_1_83' title='bbox 923 1410 1079 1487; x_wconf 89' lang='lat' dir='ltr'><strong>Romani,</strong></span> <span class='ocrx_word' id='word_1_84' title='bbox 1104 1412 1134 1475; x_wconf 89' lang='lat' dir='ltr'><strong>in</strong></span> <span class='ocrx_word' id='word_1_85' title='bbox 1151 1412 1217 1475; x_wconf 88' lang='lat' dir='ltr'><strong>eins</strong></span> <span class='ocrx_word' id='word_1_86' title='bbox 1232 1422 1392 1495; x_wconf 76' lang='lat' dir='ltr'><strong>potestate</strong></span> <span class='ocrx_word' id='word_1_87' title='bbox 1510 1428 1519 1447; x_wconf 67' lang='grc'><strong>“</strong></span> 
     </span>
     <span class='ocr_line' id='line_1_13' title="bbox 66 1498 1393 1591; baseline 0.004 -25"><span class='ocrx_word' id='word_1_88' title='bbox 66 1523 106 1566; x_wconf 91' lang='lat' dir='ltr'><strong>ao</strong></span> <span class='ocrx_word' id='word_1_89' title='bbox 131 1498 203 1565; x_wconf 90' lang='lat' dir='ltr'><strong>iure</strong></span> <span class='ocrx_word' id='word_1_90' title='bbox 229 1498 406 1565; x_wconf 85' lang='lat' dir='ltr'><strong>retinendo.</strong></span> <span class='ocrx_word' id='word_1_91' title='bbox 430 1531 472 1544; x_wconf 89' lang='lat'><em>-</em></span> <span class='ocrx_word' id='word_1_92' title='bbox 493 1535 533 1546; x_wconf 95' lang='lat'><em>-</em></span> <span class='ocrx_word' id='word_1_93' title='bbox 566 1499 766 1565; x_wconf 85' lang='lat' dir='ltr'><strong>Maiestas</strong></span> <span class='ocrx_word' id='word_1_94' title='bbox 792 1513 838 1563; x_wconf 91' lang='lat' dir='ltr'><strong>est</strong></span> <span class='ocrx_word' id='word_1_95' title='bbox 864 1503 894 1564; x_wconf 89' lang='lat' dir='ltr'><strong>in</strong></span> <span class='ocrx_word' id='word_1_96' title='bbox 925 1503 1049 1586; x_wconf 86' lang='lat' dir='ltr'><strong>imperii</strong></span> <span class='ocrx_word' id='word_1_97' title='bbox 1078 1517 1172 1591; x_wconf 90' lang='lat' dir='ltr'><strong>atque</strong></span> <span class='ocrx_word' id='word_1_98' title='bbox 1197 1504 1230 1569; x_wconf 89' lang='lat' dir='ltr'><strong>in</strong></span> <span class='ocrx_word' id='word_1_99' title='bbox 1258 1506 1393 1573; x_wconf 89' lang='lat' dir='ltr'><strong>nominis</strong></span> 
     </span>
     <span class='ocr_line' id='line_1_14' title="bbox 65 1592 1399 1680; baseline 0.004 -21"><span class='ocrx_word' id='word_1_100' title='bbox 65 1593 182 1679; x_wconf 88' lang='lat' dir='ltr'><strong>populi</strong></span> <span class='ocrx_word' id='word_1_101' title='bbox 200 1592 336 1659; x_wconf 82' lang='lat' dir='ltr'><strong>Romani</strong></span> <span class='ocrx_word' id='word_1_102' title='bbox 355 1593 523 1680; x_wconf 85' lang='lat' dir='ltr'><strong>dignitate,</strong></span> <span class='ocrx_word' id='word_1_103' title='bbox 548 1616 642 1680; x_wconf 89' lang='lat' dir='ltr'><strong>quam</strong></span> <span class='ocrx_word' id='word_1_104' title='bbox 664 1593 773 1657; x_wconf 92' lang='lat' dir='ltr'><strong>minuit</strong></span> <span class='ocrx_word' id='word_1_105' title='bbox 795 1594 842 1670; x_wconf 92' lang='lat' dir='ltr'><strong>is,</strong></span> <span class='ocrx_word' id='word_1_106' title='bbox 866 1593 922 1679; x_wconf 89' lang='lat' dir='ltr'><strong>qui</strong></span> <span class='ocrx_word' id='word_1_107' title='bbox 939 1617 998 1679; x_wconf 90' lang='lat' dir='ltr'><strong>per</strong></span> <span class='ocrx_word' id='word_1_108' title='bbox 1019 1597 1081 1660; x_wconf 85' lang='lat' dir='ltr'><strong>vim</strong></span> <span class='ocrx_word' id='word_1_109' title='bbox 1104 1600 1309 1667; x_wconf 88' lang='lat' dir='ltr'><strong>multitudinis</strong></span> <span class='ocrx_word' id='word_1_110' title='bbox 1323 1622 1399 1679; x_wconf 50' lang='lat' dir='ltr'><strong>rem,</strong></span> 
     </span>
     <span class='ocr_line' id='line_1_15' title="bbox 68 1688 1391 1779; baseline 0.004 -27"><span class='ocrx_word' id='word_1_111' title='bbox 68 1691 110 1752; x_wconf 91' lang='lat' dir='ltr'><strong>ad</strong></span> <span class='ocrx_word' id='word_1_112' title='bbox 123 1688 308 1755; x_wconf 78' lang='lat' dir='ltr'><strong>seditionem</strong></span> <span class='ocrx_word' id='word_1_113' title='bbox 325 1689 467 1752; x_wconf 81' lang='lat' dir='ltr'><strong>vocavit.</strong></span> <span class='ocrx_word' id='word_1_114' title='bbox 491 1690 585 1755; x_wconf 90' lang='lat' dir='ltr'><strong>Orat.</strong></span> <span class='ocrx_word' id='word_1_115' title='bbox 600 1688 731 1754; x_wconf 90' lang='lat' dir='ltr'><strong>Partitt.</strong></span> <span class='ocrx_word' id='word_1_116' title='bbox 748 1689 805 1764; x_wconf 88' lang='grc'><strong>30,</strong></span> <span class='ocrx_word' id='word_1_117' title='bbox 825 1690 898 1752; x_wconf 89' lang='grc'><strong>105.</strong></span> <span class='ocrx_word' id='word_1_118' title='bbox 913 1721 954 1734; x_wconf 89' lang='grc'><strong>-</strong></span> <span class='ocrx_word' id='word_1_119' title='bbox 969 1688 1168 1757; x_wconf 89' lang='lat' dir='ltr'><strong>Maiestas</strong></span> <span class='ocrx_word' id='word_1_120' title='bbox 1181 1696 1229 1759; x_wconf 91' lang='lat' dir='ltr'><strong>rei</strong></span> <span class='ocrx_word' id='word_1_121' title='bbox 1244 1694 1391 1779; x_wconf 87' lang='lat' dir='ltr'><strong>publicae</strong></span> 
     </span>
     <span class='ocr_line' id='line_1_16' title="bbox 68 1781 1392 1868; baseline 0.004 -23"><span class='ocrx_word' id='word_1_122' title='bbox 68 1792 135 1858; x_wconf 89' lang='lat' dir='ltr'><strong>est,</strong></span> <span class='ocrx_word' id='word_1_123' title='bbox 159 1782 192 1845; x_wconf 89' lang='lat' dir='ltr'><strong>in</strong></span> <span class='ocrx_word' id='word_1_124' title='bbox 214 1804 277 1868; x_wconf 85' lang='lat' dir='ltr'><strong>qua</strong></span> <span class='ocrx_word' id='word_1_125' title='bbox 295 1782 478 1847; x_wconf 85' lang='lat' dir='ltr'><strong>continetur</strong></span> <span class='ocrx_word' id='word_1_126' title='bbox 499 1782 635 1867; x_wconf 83' lang='lat' dir='ltr'><strong>dignitas</strong></span> <span class='ocrx_word' id='word_1_127' title='bbox 659 1793 690 1844; x_wconf 90' lang='lat' dir='ltr'><strong>et</strong></span> <span class='ocrx_word' id='word_1_128' title='bbox 712 1781 885 1865; x_wconf 86' lang='lat' dir='ltr'><strong>amplitudo</strong></span> <span class='ocrx_word' id='word_1_129' title='bbox 904 1782 1053 1848; x_wconf 80' lang='lat' dir='ltr'><strong>civitatis.</strong></span> <span class='ocrx_word' id='word_1_130' title='bbox 1077 1789 1116 1851; x_wconf 88' lang='lat' dir='ltr'><strong>ad</strong></span> <span class='ocrx_word' id='word_1_131' title='bbox 1128 1786 1211 1854; x_wconf 90' lang='lat' dir='ltr'><strong>Her.</strong></span> <span class='ocrx_word' id='word_1_132' title='bbox 1225 1790 1255 1866; x_wconf 95' lang='grc'><strong>1,</strong></span> <span class='ocrx_word' id='word_1_133' title='bbox 1270 1788 1322 1864; x_wconf 87' lang='grc'><strong>95,</strong></span> <span class='ocrx_word' id='word_1_134' title='bbox 1337 1787 1392 1852; x_wconf 93' lang='grc'><strong>35.</strong></span> 
     </span>
    </p>

    <p class='ocr_par' dir='ltr' id='par_1_10' title="bbox 62 1875 1394 2702">
     <span class='ocr_line' id='line_1_17' title="bbox 152 1875 1392 1954; baseline -0.003 -12"><span class='ocrx_word' id='word_1_135' title='bbox 152 1876 409 1942; x_wconf 86' lang='lat' dir='ltr'><strong>Maiestatem</strong></span> <span class='ocrx_word' id='word_1_136' title='bbox 432 1875 623 1940; x_wconf 89' lang='lat' dir='ltr'><strong>minuere.</strong></span> <span class='ocrx_word' id='word_1_137' title='bbox 658 1878 697 1938; x_wconf 91' lang='lat' dir='ltr'><strong>ad</strong></span> <span class='ocrx_word' id='word_1_138' title='bbox 719 1877 802 1939; x_wconf 91' lang='lat' dir='ltr'><strong>Her.</strong></span> <span class='ocrx_word' id='word_1_139' title='bbox 827 1879 864 1952; x_wconf 90' lang='grc'><strong>1,</strong></span> <span class='ocrx_word' id='word_1_140' title='bbox 889 1876 945 1954; x_wconf 88' lang='grc'><strong>19,</strong></span> <span class='ocrx_word' id='word_1_141' title='bbox 969 1877 1023 1941; x_wconf 91' lang='grc'><strong>91.</strong></span> <span class='ocrx_word' id='word_1_142' title='bbox 1059 1915 1100 1926; x_wconf 96' lang='grc'>-</span> <span class='ocrx_word' id='word_1_143' title='bbox 1132 1881 1392 1946; x_wconf 69' lang='lat' dir='ltr'><strong>Maiestatem</strong></span> 
     </span>
     <span class='ocr_line' id='line_1_18' title="bbox 62 1968 1392 2059; baseline 0.001 -23"><span class='ocrx_word' id='word_1_144' title='bbox 62 1973 92 2036; x_wconf 91' lang='lat' dir='ltr'><strong>is</strong></span> <span class='ocrx_word' id='word_1_145' title='bbox 114 1970 266 2048; x_wconf 86' lang='lat' dir='ltr'><strong>minuit,</strong></span> <span class='ocrx_word' id='word_1_146' title='bbox 289 1968 344 2056; x_wconf 90' lang='lat' dir='ltr'><strong>qni</strong></span> <span class='ocrx_word' id='word_1_147' title='bbox 367 1990 404 2033; x_wconf 97' lang='lat' dir='ltr'><strong>ea</strong></span> <span class='ocrx_word' id='word_1_148' title='bbox 425 1969 525 2046; x_wconf 88' lang='lat' dir='ltr'><strong>tollit,</strong></span> <span class='ocrx_word' id='word_1_149' title='bbox 554 1991 595 2033; x_wconf 86' lang='lat' dir='ltr'><strong>ex</strong></span> <span class='ocrx_word' id='word_1_150' title='bbox 621 1970 735 2052; x_wconf 85' lang='lat' dir='ltr'><strong>quibus</strong></span> <span class='ocrx_word' id='word_1_151' title='bbox 765 1968 901 2032; x_wconf 84' lang='lat' dir='ltr'><strong>civitatis</strong></span> <span class='ocrx_word' id='word_1_152' title='bbox 929 1969 1102 2052; x_wconf 83' lang='lat' dir='ltr'><strong>amplitudo</strong></span> <span class='ocrx_word' id='word_1_153' title='bbox 1132 1986 1276 2050; x_wconf 89' lang='lat' dir='ltr'><strong>constat,</strong></span> <span class='ocrx_word' id='word_1_154' title='bbox 1310 1993 1392 2059; x_wconf 91' lang='lat' dir='ltr'><strong>quae</strong></span> 
     </span>
     <span class='ocr_line' id='line_1_19' title="bbox 64 2061 1393 2149; baseline 0.002 -21"><span class='ocrx_word' id='word_1_155' title='bbox 64 2064 194 2148; x_wconf 89' lang='lat' dir='ltr'><strong>capiunt</strong></span> <span class='ocrx_word' id='word_1_156' title='bbox 215 2062 370 2149; x_wconf 77' lang='lat' dir='ltr'><strong>suffragia</strong></span> <span class='ocrx_word' id='word_1_157' title='bbox 392 2062 505 2146; x_wconf 90' lang='lat' dir='ltr'><strong>populi</strong></span> <span class='ocrx_word' id='word_1_158' title='bbox 522 2077 553 2127; x_wconf 93' lang='lat' dir='ltr'><strong>et</strong></span> <span class='ocrx_word' id='word_1_159' title='bbox 574 2068 778 2149; x_wconf 82' lang='lat' dir='ltr'><strong>magistratus</strong></span> <span class='ocrx_word' id='word_1_160' title='bbox 794 2061 973 2127; x_wconf 90' lang='lat' dir='ltr'><strong>consilium.</strong></span> <span class='ocrx_word' id='word_1_161' title='bbox 997 2067 1036 2128; x_wconf 87' lang='grc'><strong>51</strong></span> <span class='ocrx_word' id='word_1_162' title='bbox 1050 2067 1133 2132; x_wconf 90' lang='lat' dir='ltr'><strong>Her.</strong></span> <span class='ocrx_word' id='word_1_163' title='bbox 1151 2066 1189 2146; x_wconf 91' lang='grc'><strong>9,</strong></span> <span class='ocrx_word' id='word_1_164' title='bbox 1209 2068 1266 2146; x_wconf 89' lang='grc'><strong>19,</strong></span> <span class='ocrx_word' id='word_1_165' title='bbox 1286 2070 1338 2131; x_wconf 91' lang='grc'><strong>17.</strong></span> <span class='ocrx_word' id='word_1_166' title='bbox 1351 2102 1393 2115; x_wconf 93' lang='lat'>-</span> 
     </span>
     <span class='ocr_line' id='line_1_20' title="bbox 65 2155 1393 2243; baseline 0.002 -22"><span class='ocrx_word' id='word_1_167' title='bbox 65 2156 327 2222; x_wconf 83' lang='lat' dir='ltr'><strong>Maiestatem</strong></span> <span class='ocrx_word' id='word_1_168' title='bbox 356 2155 384 2220; x_wconf 89' lang='lat' dir='ltr'><strong>is</strong></span> <span class='ocrx_word' id='word_1_169' title='bbox 414 2157 574 2233; x_wconf 90' lang='lat' dir='ltr'><strong>minuit,</strong></span> <span class='ocrx_word' id='word_1_170' title='bbox 597 2157 654 2243; x_wconf 90' lang='lat' dir='ltr'><strong>qui</strong></span> <span class='ocrx_word' id='word_1_171' title='bbox 670 2156 902 2239; x_wconf 88' lang='lat' dir='ltr'><strong>amplitudinem</strong></span> <span class='ocrx_word' id='word_1_172' title='bbox 919 2156 1055 2221; x_wconf 84' lang='lat' dir='ltr'><strong>civitatis</strong></span> <span class='ocrx_word' id='word_1_173' title='bbox 1074 2161 1266 2226; x_wconf 89' lang='lat' dir='ltr'><strong>detrimento</strong></span> <span class='ocrx_word' id='word_1_174' title='bbox 1284 2159 1393 2226; x_wconf 85' lang='lat' dir='ltr'><strong>afficit.</strong></span> 
     </span>
     <span class='ocr_line' id='line_1_21' title="bbox 63 2249 1394 2336; baseline 0.001 -21"><span class='ocrx_word' id='word_1_175' title='bbox 63 2251 152 2316; x_wconf 88' lang='lat' dir='ltr'><strong>lbid.</strong></span> <span class='ocrx_word' id='word_1_176' title='bbox 173 2286 215 2298; x_wconf 96' lang='lat'><em>-</em></span> <span class='ocrx_word' id='word_1_177' title='bbox 235 2250 494 2316; x_wconf 84' lang='lat' dir='ltr'><strong>Maiestatem</strong></span> <span class='ocrx_word' id='word_1_178' title='bbox 518 2252 696 2315; x_wconf 87' lang='lat' dir='ltr'><strong>minuere</strong></span> <span class='ocrx_word' id='word_1_179' title='bbox 718 2261 766 2314; x_wconf 89' lang='lat' dir='ltr'><strong>est</strong></span> <span class='ocrx_word' id='word_1_180' title='bbox 789 2253 828 2313; x_wconf 91' lang='lat' dir='ltr'><strong>de</strong></span> <span class='ocrx_word' id='word_1_181' title='bbox 848 2249 1003 2333; x_wconf 87' lang='lat' dir='ltr'><strong>dignitate</strong></span> <span class='ocrx_word' id='word_1_182' title='bbox 1032 2262 1086 2315; x_wconf 88' lang='lat' dir='ltr'><strong>aut</strong></span> <span class='ocrx_word' id='word_1_183' title='bbox 1110 2253 1314 2336; x_wconf 87' lang='lat' dir='ltr'><strong>amplitudine</strong></span> <span class='ocrx_word' id='word_1_184' title='bbox 1338 2261 1394 2317; x_wconf 86' lang='lat' dir='ltr'><strong>aut</strong></span> 
     </span>
     <span class='ocr_line' id='line_1_22' title="bbox 63 2343 1394 2433; baseline 0.002 -26"><span class='ocrx_word' id='word_1_185' title='bbox 63 2355 225 2429; x_wconf 86' lang='lat' dir='ltr'><strong>potestate</strong></span> <span class='ocrx_word' id='word_1_186' title='bbox 244 2343 357 2429; x_wconf 84' lang='lat' dir='ltr'><strong>populi</strong></span> <span class='ocrx_word' id='word_1_187' title='bbox 380 2355 433 2406; x_wconf 93' lang='lat' dir='ltr'><strong>aut</strong></span> <span class='ocrx_word' id='word_1_188' title='bbox 457 2364 589 2420; x_wconf 77' lang='lat' dir='ltr'><strong>eorsum,</strong></span> <span class='ocrx_word' id='word_1_189' title='bbox 620 2345 737 2430; x_wconf 89' lang='lat' dir='ltr'><strong>qnibus</strong></span> <span class='ocrx_word' id='word_1_190' title='bbox 762 2343 900 2426; x_wconf 89' lang='lat' dir='ltr'><strong>populus</strong></span> <span class='ocrx_word' id='word_1_191' title='bbox 925 2353 1115 2426; x_wconf 88' lang='lat' dir='ltr'><strong>potestatem</strong></span> <span class='ocrx_word' id='word_1_192' title='bbox 1139 2347 1238 2433; x_wconf 77' lang='lat' dir='ltr'><strong>dedit,</strong></span> <span class='ocrx_word' id='word_1_193' title='bbox 1272 2347 1394 2431; x_wconf 52' lang='lat' dir='ltr'><strong>,aliquid</strong></span> 
     </span>
     <span class='ocr_line' id='line_1_23' title="bbox 66 2435 1394 2525; baseline 0.002 -25"><span class='ocrx_word' id='word_1_194' title='bbox 66 2439 240 2525; x_wconf 79' lang='lat' dir='ltr'><strong>derogare.</strong></span> <span class='ocrx_word' id='word_1_195' title='bbox 270 2439 310 2502; x_wconf 91' lang='lat' dir='ltr'><strong>de</strong></span> <span class='ocrx_word' id='word_1_196' title='bbox 332 2435 408 2501; x_wconf 83' lang='lat' dir='ltr'><strong>Inv.</strong></span> <span class='ocrx_word' id='word_1_197' title='bbox 433 2437 471 2511; x_wconf 91' lang='grc'><strong>9,</strong></span> <span class='ocrx_word' id='word_1_198' title='bbox 498 2440 555 2514; x_wconf 91' lang='grc'><strong>17,</strong></span> <span class='ocrx_word' id='word_1_199' title='bbox 581 2438 633 2502; x_wconf 88' lang='grc'><strong>53.</strong></span> <span class='ocrx_word' id='word_1_200' title='bbox 655 2469 696 2481; x_wconf 94' lang='grc'><strong>-</strong></span> <span class='ocrx_word' id='word_1_201' title='bbox 718 2436 981 2502; x_wconf 88' lang='lat' dir='ltr'><strong>Maiestatem</strong></span> <span class='ocrx_word' id='word_1_202' title='bbox 1005 2437 1183 2504; x_wconf 86' lang='lat' dir='ltr'><strong>minnere</strong></span> <span class='ocrx_word' id='word_1_203' title='bbox 1205 2452 1253 2504; x_wconf 89' lang='lat' dir='ltr'><strong>est</strong></span> <span class='ocrx_word' id='word_1_204' title='bbox 1273 2439 1394 2525; x_wconf 88' lang='lat' dir='ltr'><strong>aliquid</strong></span> 
     </span>
     <span class='ocr_line' id='line_1_24' title="bbox 65 2530 1389 2617; baseline 0.001 -23"><span class='ocrx_word' id='word_1_205' title='bbox 65 2533 106 2595; x_wconf 88' lang='lat' dir='ltr'><strong>de</strong></span> <span class='ocrx_word' id='word_1_206' title='bbox 132 2531 337 2617; x_wconf 87' lang='lat' dir='ltr'><strong>republica,</strong></span> <span class='ocrx_word' id='word_1_207' title='bbox 370 2551 440 2593; x_wconf 91' lang='lat' dir='ltr'><strong>cum</strong></span> <span class='ocrx_word' id='word_1_208' title='bbox 467 2540 657 2614; x_wconf 88' lang='lat' dir='ltr'><strong>potestatem</strong></span> <span class='ocrx_word' id='word_1_209' title='bbox 680 2552 744 2596; x_wconf 90' lang='lat' dir='ltr'><strong>non</strong></span> <span class='ocrx_word' id='word_1_210' title='bbox 765 2530 902 2605; x_wconf 87' lang='lat' dir='ltr'><strong>habeas,</strong></span> <span class='ocrx_word' id='word_1_211' title='bbox 937 2530 1172 2599; x_wconf 86' lang='lat' dir='ltr'><strong>administrare.</strong></span> <span class='ocrx_word' id='word_1_212' title='bbox 1217 2532 1303 2598; x_wconf 82' lang='grc'><strong>1111.</strong></span> <span class='ocrx_word' id='word_1_213' title='bbox 1328 2532 1389 2611; x_wconf 90' lang='grc'><strong>18,</strong></span> 
     </span>
     <span class='ocr_line' id='line_1_25' title="bbox 68 2623 634 2702; baseline -0.002 -13"><span class='ocrx_word' id='word_1_214' title='bbox 68 2626 124 2690; x_wconf 85' lang='grc'><strong>55.</strong></span> <span class='ocrx_word' id='word_1_215' title='bbox 169 2623 244 2692; x_wconf 78' lang='lat' dir='ltr'><strong>etr.</strong></span> <span class='ocrx_word' id='word_1_216' title='bbox 268 2628 307 2689; x_wconf 85' lang='lat' dir='ltr'><strong>de</strong></span> <span class='ocrx_word' id='word_1_217' title='bbox 330 2626 392 2691; x_wconf 91' lang='lat' dir='ltr'><strong>Or.</strong></span> <span class='ocrx_word' id='word_1_218' title='bbox 416 2624 452 2702; x_wconf 90' lang='grc'><strong>9,</strong></span> <span class='ocrx_word' id='word_1_219' title='bbox 477 2624 535 2701; x_wconf 91' lang='grc'><strong>95,</strong></span> <span class='ocrx_word' id='word_1_220' title='bbox 560 2627 634 2688; x_wconf 86' lang='grc'><strong>107.</strong></span> 
     </span>
    </p>

    <p class='ocr_par' dir='ltr' id='par_1_11' title="bbox 65 2716 1392 2901">
     <span class='ocr_line' id='line_1_26' title="bbox 153 2716 1392 2802; baseline 0 -17"><span class='ocrx_word' id='word_1_221' title='bbox 153 2720 411 2786; x_wconf 83' lang='lat' dir='ltr'><strong>Maiestatem</strong></span> <span class='ocrx_word' id='word_1_222' title='bbox 443 2718 591 2802; x_wconf 87' lang='lat' dir='ltr'><strong>populi</strong></span> <span class='ocrx_word' id='word_1_223' title='bbox 622 2716 790 2782; x_wconf 87' lang='lat' dir='ltr'><strong>Romani</strong></span> <span class='ocrx_word' id='word_1_224' title='bbox 827 2718 997 2782; x_wconf 90' lang='lat' dir='ltr'><strong>comiter</strong></span> <span class='ocrx_word' id='word_1_225' title='bbox 1029 2731 1277 2789; x_wconf 84' lang='lat' dir='ltr'><strong>conservato</strong></span> <span class='ocrx_word' id='word_1_226' title='bbox 1310 2721 1392 2787; x_wconf 88' lang='lat' dir='ltr'><strong>alter</strong></span> 
     </span>
     <span class='ocr_line' id='line_1_27' title="bbox 65 2812 1044 2901; baseline -0.001 -21"><span class='ocrx_word' id='word_1_227' title='bbox 65 2815 233 2900; x_wconf 84' lang='lat' dir='ltr'><strong>populns,</strong></span> <span class='ocrx_word' id='word_1_228' title='bbox 251 2835 391 2901; x_wconf 85' lang='lat' dir='ltr'><strong>quocum</strong></span> <span class='ocrx_word' id='word_1_229' title='bbox 413 2816 528 2880; x_wconf 77' lang='lat' dir='ltr'><strong>foedus</strong></span> <span class='ocrx_word' id='word_1_230' title='bbox 550 2812 659 2877; x_wconf 90' lang='lat' dir='ltr'><strong>initur.</strong></span> <span class='ocrx_word' id='word_1_231' title='bbox 693 2834 756 2896; x_wconf 93' lang='lat' dir='ltr'><strong>pro</strong></span> <span class='ocrx_word' id='word_1_232' title='bbox 780 2812 884 2876; x_wconf 89' lang='lat' dir='ltr'><strong>Balbo</strong></span> <span class='ocrx_word' id='word_1_233' title='bbox 909 2812 965 2891; x_wconf 96' lang='grc'><strong>16,</strong></span> <span class='ocrx_word' id='word_1_234' title='bbox 990 2813 1044 2879; x_wconf 89' lang='grc'><strong>35.</strong></span> 
     </span>
    </p>

    <p class='ocr_par' dir='ltr' id='par_1_12' title="bbox 65 2907 1392 3081">
     <span class='ocr_line' id='line_1_28' title="bbox 152 2907 1392 2997; baseline -0.003 -21"><span class='ocrx_word' id='word_1_235' title='bbox 152 2908 286 2976; x_wconf 88' lang='lat' dir='ltr'><strong>Maior</strong></span> <span class='ocrx_word' id='word_1_236' title='bbox 307 2911 419 2973; x_wconf 89' lang='lat' dir='ltr'><strong>annis</strong></span> <span class='ocrx_word' id='word_1_237' title='bbox 441 2911 520 2974; x_wconf 81' lang='lat' dir='ltr'><strong>Lx.</strong></span> <span class='ocrx_word' id='word_1_238' title='bbox 543 2917 580 2971; x_wconf 90' lang='lat' dir='ltr'><strong>et</strong></span> <span class='ocrx_word' id='word_1_239' title='bbox 602 2907 666 2970; x_wconf 90' lang='lat' dir='ltr'><strong>cui</strong></span> <span class='ocrx_word' id='word_1_240' title='bbox 688 2908 850 2971; x_wconf 90' lang='lat' dir='ltr'><strong>morbus</strong></span> <span class='ocrx_word' id='word_1_241' title='bbox 880 2928 999 2972; x_wconf 89' lang='lat' dir='ltr'><strong>causa</strong></span> <span class='ocrx_word' id='word_1_242' title='bbox 1026 2920 1102 2987; x_wconf 89' lang='lat' dir='ltr'><strong>est,</strong></span> <span class='ocrx_word' id='word_1_243' title='bbox 1133 2908 1392 2997; x_wconf 84' lang='lat' dir='ltr'><strong>cognitorem</strong></span> 
     </span>
     <span class='ocr_line' id='line_1_29' title="bbox 65 3003 546 3081; baseline -0.006 -14"><span class='ocrx_word' id='word_1_244' title='bbox 65 3006 144 3068; x_wconf 88' lang='lat' dir='ltr'><strong>det.</strong></span> <span class='ocrx_word' id='word_1_245' title='bbox 177 3005 216 3067; x_wconf 93' lang='lat' dir='ltr'><strong>ad</strong></span> <span class='ocrx_word' id='word_1_246' title='bbox 237 3005 320 3068; x_wconf 85' lang='lat' dir='ltr'><strong>Her.</strong></span> <span class='ocrx_word' id='word_1_247' title='bbox 344 3005 382 3081; x_wconf 90' lang='grc'><strong>9,</strong></span> <span class='ocrx_word' id='word_1_248' title='bbox 409 3004 467 3080; x_wconf 86' lang='grc'><strong>13,</strong></span> <span class='ocrx_word' id='word_1_249' title='bbox 492 3003 546 3065; x_wconf 94' lang='grc'><strong>90.</strong></span> 
     </span>
    </p>

    <p class='ocr_par' dir='ltr' id='par_1_13' title="bbox 62 3092 1452 3465">
     <span class='ocr_line' id='line_1_30' title="bbox 152 3092 1391 3182; baseline -0.002 -19"><span class='ocrx_word' id='word_1_250' title='bbox 152 3099 363 3181; x_wconf 86' lang='lat' dir='ltr'><strong>Manceps.</strong></span> <span class='ocrx_word' id='word_1_251' title='bbox 409 3096 556 3162; x_wconf 89' lang='lat' dir='ltr'><strong>Hominis</strong></span> <span class='ocrx_word' id='word_1_252' title='bbox 572 3093 793 3159; x_wconf 87' lang='lat' dir='ltr'><strong>studiosissimi</strong></span> <span class='ocrx_word' id='word_1_253' title='bbox 812 3092 987 3160; x_wconf 90' lang='lat' dir='ltr'><strong>nobilitatis</strong></span> <span class='ocrx_word' id='word_1_254' title='bbox 1010 3116 1189 3182; x_wconf 88' lang='lat' dir='ltr'><strong>manceps</strong></span> <span class='ocrx_word' id='word_1_255' title='bbox 1211 3097 1229 3161; x_wconf 85' lang='grc'><strong>1</strong></span> <span class='ocrx_word' id='word_1_256' title='bbox 1233 3097 1261 3162; x_wconf 92' lang='lat' dir='ltr'><strong>it</strong></span> <span class='ocrx_word' id='word_1_257' title='bbox 1283 3096 1391 3180; x_wconf 83' lang='lat' dir='ltr'><strong>Chry·</strong></span> 
     </span>
     <span class='ocr_line' id='line_1_31' title="bbox 62 3189 1452 3277; baseline -0.009 -21"><span class='ocrx_word' id='word_1_258' title='bbox 62 3212 226 3277; x_wconf 80' lang='lat' dir='ltr'><strong>sogonna.</strong></span> <span class='ocrx_word' id='word_1_259' title='bbox 260 3213 323 3275; x_wconf 91' lang='lat' dir='ltr'><strong>pro</strong></span> <span class='ocrx_word' id='word_1_260' title='bbox 345 3193 380 3254; x_wconf 90' lang='lat' dir='ltr'><strong>S.</strong></span> <span class='ocrx_word' id='word_1_261' title='bbox 405 3191 530 3255; x_wconf 91' lang='lat' dir='ltr'><strong>Roscio</strong></span> <span class='ocrx_word' id='word_1_262' title='bbox 553 3192 628 3255; x_wconf 84' lang='lat' dir='ltr'><strong>Am.</strong></span> <span class='ocrx_word' id='word_1_263' title='bbox 650 3189 688 3266; x_wconf 90' lang='lat'><strong>8,</strong></span> <span class='ocrx_word' id='word_1_264' title='bbox 713 3189 767 3252; x_wconf 90' lang='grc'><strong>91.</strong></span> <span class='ocrx_word' id='word_1_265' title='bbox 1445 3191 1452 3204; x_wconf 90' lang='grc'><em>·</em></span> 
     </span>
     <span class='ocr_line' id='line_1_32' title="bbox 150 3282 1390 3368; baseline 0 -18"><span class='ocrx_word' id='word_1_266' title='bbox 150 3285 378 3368; x_wconf 89' lang='lat' dir='ltr'><strong>Mancipes.</strong></span> <span class='ocrx_word' id='word_1_267' title='bbox 412 3307 473 3368; x_wconf 91' lang='lat' dir='ltr'><strong>pro</strong></span> <span class='ocrx_word' id='word_1_268' title='bbox 497 3283 631 3351; x_wconf 89' lang='lat' dir='ltr'><strong>Plancio</strong></span> <span class='ocrx_word' id='word_1_269' title='bbox 656 3284 716 3360; x_wconf 88' lang='grc'><strong>96,</strong></span> <span class='ocrx_word' id='word_1_270' title='bbox 742 3283 796 3347; x_wconf 94' lang='grc'><strong>61.</strong></span> <span class='ocrx_word' id='word_1_271' title='bbox 840 3282 983 3349; x_wconf 81' lang='lat' dir='ltr'><strong>Divinat.</strong></span> <span class='ocrx_word' id='word_1_272' title='bbox 1008 3287 1065 3362; x_wconf 95' lang='grc'><strong>10,</strong></span> <span class='ocrx_word' id='word_1_273' title='bbox 1090 3284 1144 3349; x_wconf 90' lang='grc'><strong>33.</strong></span> <span class='ocrx_word' id='word_1_274' title='bbox 1168 3283 1390 3365; x_wconf 73' lang='lat' dir='ltr'><strong>-,Manci·</strong></span> 
     </span>
     <span class='ocr_line' id='line_1_33' title="bbox 62 3375 1390 3465; baseline 0.001 -22"><span class='ocrx_word' id='word_1_275' title='bbox 62 3399 179 3464; x_wconf 88' lang='lat' dir='ltr'><strong>pesa</strong></span> <span class='ocrx_word' id='word_1_276' title='bbox 206 3378 387 3443; x_wconf 85' lang='lat' dir='ltr'><strong>civitatibus</strong></span> <span class='ocrx_word' id='word_1_277' title='bbox 412 3400 474 3463; x_wconf 91' lang='lat' dir='ltr'><strong>pro</strong></span> <span class='ocrx_word' id='word_1_278' title='bbox 500 3378 662 3442; x_wconf 86' lang='lat' dir='ltr'><strong>frumento</strong></span> <span class='ocrx_word' id='word_1_279' title='bbox 688 3377 853 3462; x_wconf 87' lang='lat' dir='ltr'><strong>pecuniam</strong></span> <span class='ocrx_word' id='word_1_280' title='bbox 878 3390 1055 3464; x_wconf 85' lang='lat' dir='ltr'><strong>exegerunt</strong></span> <span class='ocrx_word' id='word_1_281' title='bbox 1080 3375 1247 3464; x_wconf 85' lang='lat' dir='ltr'><strong>(adversus</strong></span> <span class='ocrx_word' id='word_1_282' title='bbox 1273 3379 1390 3465; x_wconf 86' lang='lat' dir='ltr'><strong>leges).</strong></span> 
     </span>
    </p>

    <p class='ocr_par' dir='ltr' id='par_1_14' title="bbox 62 3471 372 3551">
     <span class='ocr_line' id='line_1_34' title="bbox 62 3471 372 3551; baseline -0.006 -12"><span class='ocrx_word' id='word_1_283' title='bbox 62 3471 212 3539; x_wconf 84' lang='lat' dir='ltr'><strong>Divinat.</strong></span> <span class='ocrx_word' id='word_1_284' title='bbox 235 3475 294 3551; x_wconf 91' lang='grc'><strong>10,</strong></span> <span class='ocrx_word' id='word_1_285' title='bbox 318 3473 372 3537; x_wconf 88' lang='grc'><strong>33.</strong></span> 
     </span>
    </p>

    <p class='ocr_par' dir='ltr' id='par_1_15' title="bbox 63 3565 1390 3738">
     <span class='ocr_line' id='line_1_35' title="bbox 154 3565 1390 3651; baseline 0.001 -22"><span class='ocrx_word' id='word_1_286' title='bbox 154 3565 377 3651; x_wconf 88' lang='lat' dir='ltr'><strong>Mancipia.</strong></span> <span class='ocrx_word' id='word_1_287' title='bbox 430 3565 656 3650; x_wconf 87' lang='lat' dir='ltr'><strong>Mancipia,</strong></span> <span class='ocrx_word' id='word_1_288' title='bbox 693 3587 774 3650; x_wconf 74' lang='lat' dir='ltr'><strong>quiae</strong></span> <span class='ocrx_word' id='word_1_289' title='bbox 809 3577 883 3630; x_wconf 86' lang='lat' dir='ltr'><strong>sunt</strong></span> <span class='ocrx_word' id='word_1_290' title='bbox 913 3566 998 3630; x_wconf 83' lang='lat' dir='ltr'><strong>iacta</strong></span> <span class='ocrx_word' id='word_1_291' title='bbox 1035 3565 1235 3632; x_wconf 89' lang='lat' dir='ltr'><strong>dominorum</strong></span> <span class='ocrx_word' id='word_1_292' title='bbox 1271 3586 1390 3630; x_wconf 83' lang='lat' dir='ltr'><strong>nexu.</strong></span> 
     </span>
     <span class='ocr_line' id='line_1_36' title="bbox 63 3660 388 3738; baseline -0.006 -13"><span class='ocrx_word' id='word_1_293' title='bbox 63 3660 190 3725; x_wconf 87' lang='lat' dir='ltr'><strong>Parad.</strong></span> <span class='ocrx_word' id='word_1_294' title='bbox 212 3661 249 3738; x_wconf 90' lang='grc'><strong>5,</strong></span> <span class='ocrx_word' id='word_1_295' title='bbox 273 3664 309 3738; x_wconf 96' lang='grc'><strong>1,</strong></span> <span class='ocrx_word' id='word_1_296' title='bbox 335 3663 388 3726; x_wconf 85' lang='grc'><strong>35.</strong></span> 
     </span>
    </p>

    <p class='ocr_par' dir='ltr' id='par_1_16' title="bbox 60 3750 1391 4122">
     <span class='ocr_line' id='line_1_37' title="bbox 153 3750 1388 3840; baseline -0.003 -21"><span class='ocrx_word' id='word_1_297' title='bbox 153 3754 365 3840; x_wconf 86' lang='lat' dir='ltr'><strong>Mancipio</strong></span> <span class='ocrx_word' id='word_1_298' title='bbox 388 3758 481 3819; x_wconf 89' lang='lat' dir='ltr'><strong>dare</strong></span> <span class='ocrx_word' id='word_1_299' title='bbox 504 3753 670 3839; x_wconf 90' lang='lat' dir='ltr'><strong>aliquid.</strong></span> <span class='ocrx_word' id='word_1_300' title='bbox 712 3752 816 3837; x_wconf 87' lang='lat' dir='ltr'><strong>Finge</strong></span> <span class='ocrx_word' id='word_1_301' title='bbox 843 3750 1001 3834; x_wconf 90' lang='lat' dir='ltr'><strong>mancipio</strong></span> <span class='ocrx_word' id='word_1_302' title='bbox 1032 3751 1166 3836; x_wconf 85' lang='lat' dir='ltr'><strong>aliquem</strong></span> <span class='ocrx_word' id='word_1_303' title='bbox 1193 3753 1316 3817; x_wconf 89' lang='lat' dir='ltr'><strong>dedisse</strong></span> <span class='ocrx_word' id='word_1_304' title='bbox 1343 3751 1388 3830; x_wconf 89' lang='lat' dir='ltr'><strong>id,</strong></span> 
     </span>
     <span class='ocr_line' id='line_1_38' title="bbox 63 3842 1391 3944; baseline -0.004 -30"><span class='ocrx_word' id='word_1_305' title='bbox 63 3851 154 3944; x_wconf 80' lang='lat' dir='ltr'><strong>qnod</strong></span> <span class='ocrx_word' id='word_1_306' title='bbox 178 3847 333 3933; x_wconf 86' lang='lat' dir='ltr'><strong>mancipio</strong></span> <span class='ocrx_word' id='word_1_307' title='bbox 358 3851 426 3913; x_wconf 89' lang='lat' dir='ltr'><strong>dari</strong></span> <span class='ocrx_word' id='word_1_308' title='bbox 450 3869 514 3913; x_wconf 89' lang='lat' dir='ltr'><strong>non</strong></span> <span class='ocrx_word' id='word_1_309' title='bbox 536 3859 657 3931; x_wconf 91' lang='lat' dir='ltr'><strong>potest.</strong></span> <span class='ocrx_word' id='word_1_310' title='bbox 701 3847 785 3910; x_wconf 83' lang='lat' dir='ltr'><strong>Num</strong></span> <span class='ocrx_word' id='word_1_311' title='bbox 807 3846 930 3911; x_wconf 89' lang='lat' dir='ltr'><strong>idcirco</strong></span> <span class='ocrx_word' id='word_1_312' title='bbox 951 3845 985 3909; x_wconf 92' lang='lat' dir='ltr'><strong>id</strong></span> <span class='ocrx_word' id='word_1_313' title='bbox 1007 3844 1074 3910; x_wconf 89' lang='lat' dir='ltr'><strong>eius</strong></span> <span class='ocrx_word' id='word_1_314' title='bbox 1097 3846 1214 3910; x_wconf 80' lang='lat' dir='ltr'><strong>iactum</strong></span> <span class='ocrx_word' id='word_1_315' title='bbox 1237 3857 1303 3925; x_wconf 88' lang='lat' dir='ltr'><strong>est,</strong></span> <span class='ocrx_word' id='word_1_316' title='bbox 1335 3842 1391 3930; x_wconf 79' lang='lat' dir='ltr'><strong>qui</strong></span> 
     </span>
     <span class='ocr_line' id='line_1_39' title="bbox 63 3938 1391 4026; baseline -0.005 -19"><span class='ocrx_word' id='word_1_317' title='bbox 63 3941 222 4026; x_wconf 82' lang='lat' dir='ltr'><strong>accepit?</strong></span> <span class='ocrx_word' id='word_1_318' title='bbox 241 3953 296 4007; x_wconf 94' lang='lat' dir='ltr'><strong>aut</strong></span> <span class='ocrx_word' id='word_1_319' title='bbox 322 3965 394 4006; x_wconf 90' lang='lat' dir='ltr'><strong>num</strong></span> <span class='ocrx_word' id='word_1_320' title='bbox 422 3942 463 4019; x_wconf 91' lang='lat' dir='ltr'><strong>is,</strong></span> <span class='ocrx_word' id='word_1_321' title='bbox 488 3941 542 4026; x_wconf 91' lang='lat' dir='ltr'><strong>qui</strong></span> <span class='ocrx_word' id='word_1_322' title='bbox 564 3939 722 4025; x_wconf 85' lang='lat' dir='ltr'><strong>mancipio</strong></span> <span class='ocrx_word' id='word_1_323' title='bbox 749 3941 852 4017; x_wconf 87' lang='lat' dir='ltr'><strong>dedit,</strong></span> <span class='ocrx_word' id='word_1_324' title='bbox 878 3942 921 4005; x_wconf 94' lang='lat' dir='ltr'><strong>ob</strong></span> <span class='ocrx_word' id='word_1_325' title='bbox 949 3961 1016 4004; x_wconf 90' lang='lat' dir='ltr'><strong>eam</strong></span> <span class='ocrx_word' id='word_1_326' title='bbox 1039 3961 1105 4005; x_wconf 92' lang='lat' dir='ltr'><strong>rem</strong></span> <span class='ocrx_word' id='word_1_327' title='bbox 1128 3961 1164 4005; x_wconf 89' lang='lat' dir='ltr'><strong>se</strong></span> <span class='ocrx_word' id='word_1_328' title='bbox 1186 3939 1251 4004; x_wconf 90' lang='lat' dir='ltr'><strong>nlla</strong></span> <span class='ocrx_word' id='word_1_329' title='bbox 1271 3959 1307 4003; x_wconf 91' lang='lat' dir='ltr'><strong>re</strong></span> <span class='ocrx_word' id='word_1_330' title='bbox 1330 3938 1391 4005; x_wconf 86' lang='lat' dir='ltr'><strong>ob·</strong></span> 
     </span>
     <span class='ocr_line' id='line_1_40' title="bbox 60 4034 522 4122; baseline -0.006 -22"><span class='ocrx_word' id='word_1_331' title='bbox 60 4034 202 4122; x_wconf 83' lang='lat' dir='ltr'><strong>ligavit?</strong></span> <span class='ocrx_word' id='word_1_332' title='bbox 239 4037 358 4122; x_wconf 83' lang='lat' dir='ltr'><strong>Topio.</strong></span> <span class='ocrx_word' id='word_1_333' title='bbox 385 4039 443 4112; x_wconf 93' lang='grc'><strong>10,</strong></span> <span class='ocrx_word' id='word_1_334' title='bbox 469 4037 522 4099; x_wconf 88' lang='grc'><strong>15.</strong></span> 
     </span>
    </p>

    <p class='ocr_par' dir='ltr' id='par_1_17' title="bbox 148 4126 1082 4214">
     <span class='ocr_line' id='line_1_41' title="bbox 148 4126 1082 4214; baseline -0.004 -18"><span class='ocrx_word' id='word_1_335' title='bbox 148 4130 456 4214; x_wconf 89' lang='lat' dir='ltr'><strong>Mancipiorum</strong></span> <span class='ocrx_word' id='word_1_336' title='bbox 483 4127 679 4193; x_wconf 85' lang='lat' dir='ltr'><strong>venditio.</strong></span> <span class='ocrx_word' id='word_1_337' title='bbox 722 4126 808 4192; x_wconf 90' lang='lat' dir='ltr'><strong>Vide</strong></span> <span class='ocrx_word' id='word_1_338' title='bbox 831 4127 1082 4192; x_wconf 84' lang='lat' dir='ltr'><strong>Retioentia.</strong></span> 
     </span>
    </p>

    <p class='ocr_par' dir='ltr' id='par_1_18' title="bbox 57 4218 1532 4587">
     <span class='ocr_line' id='line_1_42' title="bbox 150 4218 1390 4307; baseline -0.008 -16"><span class='ocrx_word' id='word_1_339' title='bbox 150 4223 420 4307; x_wconf 84' lang='lat' dir='ltr'><strong>Mancipium.</strong></span> <span class='ocrx_word' id='word_1_340' title='bbox 450 4221 628 4305; x_wconf 60' lang='lat' dir='ltr'><strong>„Quidquid</strong></span> <span class='ocrx_word' id='word_1_341' title='bbox 642 4233 691 4285; x_wconf 86' lang='lat' dir='ltr'><strong>est</strong></span> <span class='ocrx_word' id='word_1_342' title='bbox 705 4221 898 4286; x_wconf 90' lang='lat' dir='ltr'><strong>incommodi</strong></span> <span class='ocrx_word' id='word_1_343' title='bbox 915 4221 946 4284; x_wconf 92' lang='lat' dir='ltr'><strong>in</strong></span> <span class='ocrx_word' id='word_1_344' title='bbox 971 4219 1186 4306; x_wconf 90' lang='lat' dir='ltr'><strong>mancipio,</strong></span> <span class='ocrx_word' id='word_1_345' title='bbox 1210 4218 1290 4284; x_wconf 85' lang='lat' dir='ltr'><strong>idei</strong></span> <span class='ocrx_word' id='word_1_346' title='bbox 1313 4238 1390 4282; x_wconf 83' lang='lat' dir='ltr'><strong>ven-</strong></span> 
     </span>
     <span class='ocr_line' id='line_1_43' title="bbox 60 4310 1390 4404; baseline -0.007 -18"><span class='ocrx_word' id='word_1_347' title='bbox 60 4320 149 4387; x_wconf 90' lang='lat' dir='ltr'><strong>ditor</strong></span> <span class='ocrx_word' id='word_1_348' title='bbox 179 4320 287 4384; x_wconf 89' lang='lat' dir='ltr'><strong>scierit</strong></span> <span class='ocrx_word' id='word_1_349' title='bbox 316 4339 419 4404; x_wconf 92' lang='lat' dir='ltr'><strong>neque</strong></span> <span class='ocrx_word' id='word_1_350' title='bbox 448 4314 633 4393; x_wconf 89' lang='lat' dir='ltr'><strong>declararit,</strong></span> <span class='ocrx_word' id='word_1_351' title='bbox 670 4325 834 4398; x_wconf 85' lang='lat' dir='ltr'><strong>praestare</strong></span> <span class='ocrx_word' id='word_1_352' title='bbox 859 4317 964 4379; x_wconf 91' lang='lat' dir='ltr'><strong>debet.</strong></span> <span class='ocrx_word' id='word_1_353' title='bbox 1001 4318 1039 4378; x_wconf 91' lang='lat' dir='ltr'><strong>de</strong></span> <span class='ocrx_word' id='word_1_354' title='bbox 1070 4315 1132 4380; x_wconf 91' lang='lat' dir='ltr'><strong>Or.</strong></span> <span class='ocrx_word' id='word_1_355' title='bbox 1164 4314 1200 4390; x_wconf 95' lang='grc'><strong>1,</strong></span> <span class='ocrx_word' id='word_1_356' title='bbox 1233 4310 1390 4393; x_wconf 88' lang='grc'><strong>39,178.</strong></span> 
     </span>
     <span class='ocr_line' id='line_1_44' title="bbox 60 4405 1532 4499; baseline -0.009 -18"><span class='ocrx_word' id='word_1_357' title='bbox 60 4415 141 4481; x_wconf 70' lang='lat' dir='ltr'><strong>cte.</strong></span> <span class='ocrx_word' id='word_1_358' title='bbox 165 4421 197 4493; x_wconf 83' lang='lat'><strong>§.</strong></span> <span class='ocrx_word' id='word_1_359' title='bbox 223 4415 297 4480; x_wconf 90' lang='grc'><strong>179.</strong></span> <span class='ocrx_word' id='word_1_360' title='bbox 320 4448 362 4461; x_wconf 93' lang='grc'>-</span> <span class='ocrx_word' id='word_1_361' title='bbox 391 4414 467 4477; x_wconf 88' lang='lat' dir='ltr'><strong>Sum</strong></span> <span class='ocrx_word' id='word_1_362' title='bbox 487 4405 601 4499; x_wconf 73' lang='grc' dir='ltr'><em>χρήσει</em></span> <span class='ocrx_word' id='word_1_363' title='bbox 622 4416 682 4496; x_wconf 76' lang='grc' dir='ltr'><strong>μὲν</strong></span> <span class='ocrx_word' id='word_1_364' title='bbox 704 4421 794 4481; x_wconf 89' lang='lat' dir='ltr'><strong>tuus,</strong></span> <span class='ocrx_word' id='word_1_365' title='bbox 818 4405 929 4489; x_wconf 78' lang='grc' dir='ltr'><em>κτήσει</em></span> <span class='ocrx_word' id='word_1_366' title='bbox 951 4410 986 4473; x_wconf 81' lang='lat' dir='ltr'><strong>‹tt</strong></span> <span class='ocrx_word' id='word_1_367' title='bbox 1008 4408 1111 4473; x_wconf 81' lang='lat' dir='ltr'><strong>Attici</strong></span> <span class='ocrx_word' id='word_1_368' title='bbox 1132 4405 1249 4472; x_wconf 85' lang='lat' dir='ltr'><strong>nostri.</strong></span> <span class='ocrx_word' id='word_1_369' title='bbox 1293 4406 1387 4491; x_wconf 83' lang='lat' dir='ltr'><strong>Ergo</strong></span> <span class='ocrx_word' id='word_1_370' title='bbox 1524 4432 1532 4451; x_wconf 74' lang='lat'><strong><em>¹</em></strong></span> 
     </span>
     <span class='ocr_line' id='line_1_45' title="bbox 57 4501 1212 4587; baseline -0.007 -14"><span class='ocrx_word' id='word_1_371' title='bbox 57 4508 227 4573; x_wconf 78' lang='lat' dir='ltr'><strong>fructus</strong></span> <span class='ocrx_word' id='word_1_372' title='bbox 249 4518 299 4573; x_wconf 90' lang='lat' dir='ltr'><strong>est</strong></span> <span class='ocrx_word' id='word_1_373' title='bbox 322 4519 416 4583; x_wconf 81' lang='lat' dir='ltr'><strong>ttius,</strong></span> <span class='ocrx_word' id='word_1_374' title='bbox 440 4502 678 4587; x_wconf 87' lang='lat' dir='ltr'><strong>mancipium</strong></span> <span class='ocrx_word' id='word_1_375' title='bbox 701 4501 802 4566; x_wconf 87' lang='lat' dir='ltr'><strong>illius.</strong></span> <span class='ocrx_word' id='word_1_376' title='bbox 837 4503 875 4564; x_wconf 90' lang='lat' dir='ltr'><strong>ad</strong></span> <span class='ocrx_word' id='word_1_377' title='bbox 897 4502 990 4567; x_wconf 81' lang='lat' dir='ltr'><strong>Fam.</strong></span> <span class='ocrx_word' id='word_1_378' title='bbox 1012 4503 1072 4581; x_wconf 91' lang='grc'><strong>87,</strong></span> <span class='ocrx_word' id='word_1_379' title='bbox 1095 4501 1155 4581; x_wconf 88' lang='grc'><strong>99,</strong></span> <span class='ocrx_word' id='word_1_380' title='bbox 1181 4501 1212 4565; x_wconf 96' lang='grc'><strong>1.</strong></span> 
     </span>
    </p>

    <p class='ocr_par' dir='ltr' id='par_1_19' title="bbox 149 4598 883 4699">
     <span class='ocr_line' id='line_1_46' title="bbox 149 4598 883 4699; baseline -0.008 -32"><span class='ocrx_word' id='word_1_381' title='bbox 149 4603 450 4668; x_wconf 87' lang='lat' dir='ltr'><strong>Mandatarius.</strong></span> <span class='ocrx_word' id='word_1_382' title='bbox 495 4599 580 4675; x_wconf 88' lang='lat' dir='ltr'><strong>Vide</strong></span> <span class='ocrx_word' id='word_1_383' title='bbox 602 4598 883 4699; x_wconf 73' lang='lat' dir='ltr'><strong>Procupator.</strong></span> 
     </span>
    </p>

    <p class='ocr_par' dir='ltr' id='par_1_20' title="bbox 150 4688 1175 4780">
     <span class='ocr_line' id='line_1_47' title="bbox 150 4688 1175 4780; baseline -0.006 -20"><span class='ocrx_word' id='word_1_384' title='bbox 150 4696 333 4763; x_wconf 89' lang='lat' dir='ltr'><strong>Mandati</strong></span> <span class='ocrx_word' id='word_1_385' title='bbox 355 4714 479 4780; x_wconf 83' lang='lat' dir='ltr'><strong>agere</strong></span> <span class='ocrx_word' id='word_1_386' title='bbox 501 4714 586 4756; x_wconf 91' lang='lat' dir='ltr'><strong>cnm</strong></span> <span class='ocrx_word' id='word_1_387' title='bbox 608 4692 774 4755; x_wconf 88' lang='lat' dir='ltr'><strong>herede.</strong></span> <span class='ocrx_word' id='word_1_388' title='bbox 809 4691 847 4752; x_wconf 91' lang='lat' dir='ltr'><strong>ad</strong></span> <span class='ocrx_word' id='word_1_389' title='bbox 868 4689 952 4754; x_wconf 87' lang='lat' dir='ltr'><strong>Her.</strong></span> <span class='ocrx_word' id='word_1_390' title='bbox 977 4689 1014 4765; x_wconf 90' lang='grc'><strong>9,</strong></span> <span class='ocrx_word' id='word_1_391' title='bbox 1041 4688 1098 4767; x_wconf 88' lang='grc'><strong>13,</strong></span> <span class='ocrx_word' id='word_1_392' title='bbox 1123 4689 1175 4754; x_wconf 94' lang='grc'><strong>19.</strong></span> 
     </span>
    </p>
   </div>
   <div class='ocr_carea' id='block_1_3' title="bbox 135 4781 1386 4937">
    <p class='ocr_par' dir='ltr' id='par_1_21' title="bbox 135 4781 1386 4937">
     <span class='ocr_line' id='line_1_48' title="bbox 150 4781 1386 4866; baseline -0.005 -11"><span class='ocrx_word' id='word_1_393' title='bbox 150 4789 330 4855; x_wconf 86' lang='lat' dir='ltr'><strong>Mandati</strong></span> <span class='ocrx_word' id='word_1_394' title='bbox 351 4787 480 4853; x_wconf 89' lang='lat' dir='ltr'><strong>iudicia.</strong></span> <span class='ocrx_word' id='word_1_395' title='bbox 503 4789 542 4851; x_wconf 90' lang='lat' dir='ltr'><strong>de</strong></span> <span class='ocrx_word' id='word_1_396' title='bbox 558 4788 602 4852; x_wconf 85' lang='lat' dir='ltr'><strong>N.</strong></span> <span class='ocrx_word' id='word_1_397' title='bbox 620 4788 665 4853; x_wconf 84' lang='lat' dir='ltr'><strong>D.</strong></span> <span class='ocrx_word' id='word_1_398' title='bbox 682 4785 724 4866; x_wconf 89' lang='grc'><strong>3,</strong></span> <span class='ocrx_word' id='word_1_399' title='bbox 748 4783 810 4863; x_wconf 88' lang='grc'><strong>30,</strong></span> <span class='ocrx_word' id='word_1_400' title='bbox 835 4783 888 4847; x_wconf 94' lang='grc'><strong>71.</strong></span> <span class='ocrx_word' id='word_1_401' title='bbox 910 4817 950 4831; x_wconf 84' lang='grc'><strong>-</strong></span> <span class='ocrx_word' id='word_1_402' title='bbox 973 4782 1159 4849; x_wconf 90' lang='lat' dir='ltr'><strong>Mandati</strong></span> <span class='ocrx_word' id='word_1_403' title='bbox 1181 4781 1386 4851; x_wconf 82' lang='lat' dir='ltr'><strong>constitutum</strong></span> 
     </span>
     <span class='ocr_line' id='line_1_49' title="bbox 135 4879 1248 4937; baseline -0.008 0"><span class='ocrx_word' id='word_1_404' title='bbox 135 4888 263 4937; x_wconf 65' lang='grc' dir='ltr'>οιοιωι</span> <span class='ocrx_word' id='word_1_405' title='bbox 283 4890 337 4935; x_wconf 78' lang='lat' dir='ltr'><strong>ote.</strong></span> <span class='ocrx_word' id='word_1_406' title='bbox 356 4888 402 4934; x_wconf 86' lang='lat' dir='ltr'><strong>ut.</strong></span> <span class='ocrx_word' id='word_1_407' title='bbox 1214 4879 1248 4929; x_wconf 80' lang='lat' dir='ltr'><strong>ts</strong></span> 
     </span>
    </p>
   </div>
   <div class='ocr_carea' id='block_1_4' title="bbox 0 0 1607 5318">
    <p class='ocr_par' dir='ltr' id='par_1_22' title="bbox 0 0 1607 5318">
     <span class='ocr_line' id='line_1_50' title="bbox 0 0 1607 5318; baseline 0 0"><span class='ocrx_word' id='word_1_408' title='bbox 0 0 1607 5318; x_wconf 95' lang='lat' dir='ltr'><strong> </strong></span> 
     </span>
    </p>
   </div>
  </div>
 </body>
</html>
