<?xml version="1.0" encoding="UTF-8"?>
<!DOCTYPE html PUBLIC "-//W3C//DTD XHTML 1.0 Transitional//EN"
    "http://www.w3.org/TR/xhtml1/DTD/xhtml1-transitional.dtd">
<html xmlns="http://www.w3.org/1999/xhtml" xml:lang="en" lang="en">
 <head>
  <title>
</title>
<meta http-equiv="Content-Type" content="text/html;charset=utf-8" />
  <meta name='ocr-system' content='tesseract 3.04.00' />
  <meta name='ocr-capabilities' content='ocr_page ocr_carea ocr_par ocr_line ocrx_word'/>
</head>
<body>
  <div class='ocr_page' id='page_1' title='image "./operaquaesupers05halmgoog/operaquaesupers05halmgoog_0323.png"; bbox 0 0 3202 5318; ppageno 0'>
   <div class='ocr_carea' id='block_1_1' title="bbox 136 270 971 394">
    <p class='ocr_par' dir='ltr' id='par_1_1' title="bbox 136 270 971 394">
     <span class='ocr_line' id='line_1_1' title="bbox 136 270 971 394; baseline -0.005 -1"><span class='ocrx_word' id='word_1_1' title='bbox 136 326 198 393; x_wconf 81' lang='grc' dir='ltr'><strong>ιιι</strong></span> <span class='ocrx_word' id='word_1_2' title='bbox 234 270 239 291; x_wconf 69' lang='grc'>’</span> <span class='ocrx_word' id='word_1_3' title='bbox 617 323 768 394; x_wconf 83' lang='grc' dir='ltr'><strong>ιιιιιιιι</strong></span> <span class='ocrx_word' id='word_1_4' title='bbox 787 320 971 394; x_wconf 81' lang='lat' dir='ltr'><strong>uenum.</strong></span> 
     </span>
    </p>
   </div>
   <div class='ocr_carea' id='block_1_2' title="bbox 49 464 1463 4401">
    <p class='ocr_par' dir='ltr' id='par_1_2' title="bbox 49 464 1463 2987">
     <span class='ocr_line' id='line_1_2' title="bbox 133 464 1457 553; baseline -0.003 -20"><span class='ocrx_word' id='word_1_5' title='bbox 133 478 224 533; x_wconf 81' lang='lat' dir='ltr'><strong>tuter</strong></span> <span class='ocrx_word' id='word_1_6' title='bbox 244 487 397 532; x_wconf 84' lang='lat' dir='ltr'><strong>censue</strong></span> <span class='ocrx_word' id='word_1_7' title='bbox 417 467 645 533; x_wconf 73' lang='lat' dir='ltr'><strong>voeamnmr.</strong></span> <span class='ocrx_word' id='word_1_8' title='bbox 669 471 707 533; x_wconf 87' lang='lat' dir='ltr'><strong>de</strong></span> <span class='ocrx_word' id='word_1_9' title='bbox 733 468 846 553; x_wconf 83' lang='lat' dir='ltr'><strong>quihus</strong></span> <span class='ocrx_word' id='word_1_10' title='bbox 866 466 957 530; x_wconf 81' lang='lat' dir='ltr'><strong>eliam</strong></span> <span class='ocrx_word' id='word_1_11' title='bbox 981 467 1112 529; x_wconf 88' lang='lat' dir='ltr'><strong>obrem</strong></span> <span class='ocrx_word' id='word_1_12' title='bbox 1135 464 1195 528; x_wconf 85' lang='grc' dir='ltr'><strong>ἱιιιι</strong></span> <span class='ocrx_word' id='word_1_13' title='bbox 1220 464 1457 548; x_wconf 75' lang='lat' dir='ltr'><strong>supradictum</strong></span> 
     </span>
     <span class='ocr_line' id='line_1_3' title="bbox 49 559 1457 645; baseline -0.003 -21"><span class='ocrx_word' id='word_1_14' title='bbox 49 612 52 617; x_wconf 95' lang='lat'><strong>.</strong></span> <span class='ocrx_word' id='word_1_15' title='bbox 135 575 197 626; x_wconf 86' lang='lat' dir='ltr'><strong>est.</strong></span> <span class='ocrx_word' id='word_1_16' title='bbox 241 560 298 629; x_wconf 86' lang='lat' dir='ltr'><strong>Cl.</strong></span> <span class='ocrx_word' id='word_1_17' title='bbox 322 582 405 645; x_wconf 77' lang='lat' dir='ltr'><strong>quae</strong></span> <span class='ocrx_word' id='word_1_18' title='bbox 428 559 510 625; x_wconf 89' lang='lat' dir='ltr'><strong>idem</strong></span> <span class='ocrx_word' id='word_1_19' title='bbox 531 563 586 625; x_wconf 89' lang='lat' dir='ltr'><strong>ille</strong></span> <span class='ocrx_word' id='word_1_20' title='bbox 605 561 779 626; x_wconf 80' lang='lat' dir='ltr'>homuncio</span> <span class='ocrx_word' id='word_1_21' title='bbox 804 560 885 623; x_wconf 81' lang='lat' dir='ltr'><strong>infra</strong></span> <span class='ocrx_word' id='word_1_22' title='bbox 906 564 945 622; x_wconf 81' lang='lat' dir='ltr'><strong>ed</strong></span> <span class='ocrx_word' id='word_1_23' title='bbox 966 566 997 637; x_wconf 73' lang='lat'><strong>§-</strong></span> <span class='ocrx_word' id='word_1_24' title='bbox 1022 560 1093 623; x_wconf 87' lang='grc'><strong>105.</strong></span> <span class='ocrx_word' id='word_1_25' title='bbox 1115 561 1164 641; x_wconf 91' lang='lat' dir='ltr'><strong>(p.</strong></span> <span class='ocrx_word' id='word_1_26' title='bbox 1189 559 1261 624; x_wconf 84' lang='grc'><strong>189.</strong></span> <span class='ocrx_word' id='word_1_27' title='bbox 1283 562 1335 622; x_wconf 88' lang='lat' dir='ltr'><strong>ed.</strong></span> <span class='ocrx_word' id='word_1_28' title='bbox 1359 559 1457 639; x_wconf 83' lang='lat' dir='ltr'><strong>Brit.)</strong></span> 
     </span>
     <span class='ocr_line' id='line_1_4' title="bbox 135 652 1457 741; baseline 0 -24"><span class='ocrx_word' id='word_1_29' title='bbox 135 654 282 738; x_wconf 80' lang='lat' dir='ltr'><strong>scripsit:</strong></span> <span class='ocrx_word' id='word_1_30' title='bbox 316 676 407 719; x_wconf 82' lang='lat' dir='ltr'><strong>orem</strong></span> <span class='ocrx_word' id='word_1_31' title='bbox 428 656 690 741; x_wconf 80' lang='lat' dir='ltr'><em>intelligam,</em></span> <span class='ocrx_word' id='word_1_32' title='bbox 714 657 850 739; x_wconf 82' lang='lat' dir='ltr'><strong>legem</strong></span> <span class='ocrx_word' id='word_1_33' title='bbox 871 652 1092 717; x_wconf 76' lang='lat' dir='ltr'><strong>docenium</strong></span> <span class='ocrx_word' id='word_1_34' title='bbox 1114 654 1173 733; x_wconf 94' lang='lat'><strong>—]</strong></span> <span class='ocrx_word' id='word_1_35' title='bbox 1204 653 1382 719; x_wconf 79' lang='lat' dir='ltr'><strong>Voconius</strong></span> <span class='ocrx_word' id='word_1_36' title='bbox 1411 656 1457 717; x_wconf 84' lang='lat' dir='ltr'><strong>lr-</strong></span> 
     </span>
     <span class='ocr_line' id='line_1_5' title="bbox 134 746 1459 834; baseline -0.003 -21"><span class='ocrx_word' id='word_1_37' title='bbox 134 770 214 833; x_wconf 74' lang='lat' dir='ltr'><strong>gem</strong></span> <span class='ocrx_word' id='word_1_38' title='bbox 234 752 382 827; x_wconf 72' lang='grc' dir='ltr'><strong>ιιιὶειιιι,</strong></span> <span class='ocrx_word' id='word_1_39' title='bbox 404 770 447 813; x_wconf 89' lang='lat' dir='ltr'><strong>ne</strong></span> <span class='ocrx_word' id='word_1_40' title='bbox 468 749 545 834; x_wconf 75' lang='lat' dir='ltr'><strong>quir</strong></span> <span class='ocrx_word' id='word_1_41' title='bbox 565 770 731 824; x_wconf 78' lang='lat' dir='ltr'><strong>censue,</strong></span> <span class='ocrx_word' id='word_1_42' title='bbox 753 752 815 812; x_wconf 85' lang='lat' dir='ltr'><strong>hoc</strong></span> <span class='ocrx_word' id='word_1_43' title='bbox 837 760 905 822; x_wconf 84' lang='lat' dir='ltr'><strong>est,</strong></span> <span class='ocrx_word' id='word_1_44' title='bbox 926 746 1335 831; x_wconf 82' lang='lat' dir='ltr'><strong>pecuniosus,·heredem</strong></span> <span class='ocrx_word' id='word_1_45' title='bbox 1357 746 1459 811; x_wconf 85' lang='lat' dir='ltr'><strong>relin-</strong></span> 
     </span>
     <span class='ocr_line' id='line_1_6' title="bbox 133 839 1460 929; baseline -0.002 -22"><span class='ocrx_word' id='word_1_46' title='bbox 133 855 254 929; x_wconf 77' lang='lat' dir='ltr'><strong>queret</strong></span> <span class='ocrx_word' id='word_1_47' title='bbox 266 840 402 923; x_wconf 80' lang='lat' dir='ltr'><strong>filiam.</strong></span> <span class='ocrx_word' id='word_1_48' title='bbox 455 844 549 907; x_wconf 78' lang='lat' dir='ltr'><strong>Hune</strong></span> <span class='ocrx_word' id='word_1_49' title='bbox 575 864 657 907; x_wconf 84' lang='lat' dir='ltr'><strong>vero</strong></span> <span class='ocrx_word' id='word_1_50' title='bbox 683 841 830 905; x_wconf 74' lang='lat' dir='ltr'><strong>vocabuli</strong></span> <span class='ocrx_word' id='word_1_51' title='bbox 853 861 976 903; x_wconf 79' lang='lat' dir='ltr'><strong>census</strong></span> <span class='ocrx_word' id='word_1_52' title='bbox 997 839 1241 921; x_wconf 75' lang='lat' dir='ltr'><strong>explicationem</strong></span> <span class='ocrx_word' id='word_1_53' title='bbox 1265 852 1301 903; x_wconf 91' lang='lat' dir='ltr'><strong>ut</strong></span> <span class='ocrx_word' id='word_1_54' title='bbox 1324 862 1460 923; x_wconf 74' lang='lat' dir='ltr'><strong>pruritu</strong></span> 
     </span>
     <span class='ocr_line' id='line_1_7' title="bbox 133 932 1462 1022; baseline -0.003 -21"><span class='ocrx_word' id='word_1_55' title='bbox 133 936 244 1001; x_wconf 76' lang='lat' dir='ltr'><strong>tehsu</strong></span> <span class='ocrx_word' id='word_1_56' title='bbox 278 954 348 1000; x_wconf 83' lang='lat' dir='ltr'><strong>erre</strong></span> <span class='ocrx_word' id='word_1_57' title='bbox 375 937 553 1022; x_wconf 81' lang='lat' dir='ltr'><strong>intelliges,</strong></span> <span class='ocrx_word' id='word_1_58' title='bbox 591 937 705 1001; x_wconf 86' lang='lat' dir='ltr'><strong>suflicit</strong></span> <span class='ocrx_word' id='word_1_59' title='bbox 729 935 760 998; x_wconf 86' lang='lat' dir='ltr'><strong>in</strong></span> <span class='ocrx_word' id='word_1_60' title='bbox 794 932 976 998; x_wconf 79' lang='lat' dir='ltr'><strong>memoriam</strong></span> <span class='ocrx_word' id='word_1_61' title='bbox 1007 954 1181 997; x_wconf 71' lang='lat' dir='ltr'>revocasse</span> <span class='ocrx_word' id='word_1_62' title='bbox 1205 932 1246 997; x_wconf 72' lang='lat' dir='ltr'><strong>&#39;eu</strong></span> <span class='ocrx_word' id='word_1_63' title='bbox 1272 950 1355 1017; x_wconf 77' lang='lat' dir='ltr'><strong>quiue</strong></span> <span class='ocrx_word' id='word_1_64' title='bbox 1380 934 1462 998; x_wconf 86' lang='lat' dir='ltr'><strong>inlrr</strong></span> 
     </span>
     <span class='ocr_line' id='line_1_8' title="bbox 137 1027 1462 1114; baseline 0.002 -23"><span class='ocrx_word' id='word_1_65' title='bbox 137 1027 292 1113; x_wconf 67' lang='lat' dir='ltr'><strong>leguntur</strong></span> <span class='ocrx_word' id='word_1_66' title='bbox 312 1030 448 1096; x_wconf 74' lang='lat' dir='ltr'><strong>Verrio.</strong></span> <span class='ocrx_word' id='word_1_67' title='bbox 472 1032 518 1095; x_wconf 89' lang='lat'><strong>11.</strong></span> <span class='ocrx_word' id='word_1_68' title='bbox 542 1034 559 1093; x_wconf 83' lang='lat'><strong>7</strong></span> <span class='ocrx_word' id='word_1_69' title='bbox 568 1075 579 1106; x_wconf 96' lang='lat'><strong>,</strong></span> <span class='ocrx_word' id='word_1_70' title='bbox 603 1032 661 1093; x_wconf 76' lang='lat' dir='ltr'><strong>et:</strong></span> <span class='ocrx_word' id='word_1_71' title='bbox 686 1030 795 1114; x_wconf 72' lang='lat' dir='ltr'><strong>quid?</strong></span> <span class='ocrx_word' id='word_1_72' title='bbox 816 1031 899 1091; x_wconf 74' lang='lat' dir='ltr'><strong>leuce</strong></span> <span class='ocrx_word' id='word_1_73' title='bbox 919 1028 1094 1091; x_wconf 79' lang='lat' dir='ltr'><strong>hereditas</strong></span> <span class='ocrx_word' id='word_1_74' title='bbox 1113 1048 1182 1113; x_wconf 81' lang='lat' dir='ltr'><strong>pue</strong></span> <span class='ocrx_word' id='word_1_75' title='bbox 1195 1039 1363 1112; x_wconf 84' lang='lat' dir='ltr'><strong>praetore</strong></span> <span class='ocrx_word' id='word_1_76' title='bbox 1377 1029 1462 1093; x_wconf 79' lang='lat' dir='ltr'><strong>uto-</strong></span> 
     </span>
     <span class='ocr_line' id='line_1_9' title="bbox 134 1121 1463 1207; baseline 0.003 -23"><span class='ocrx_word' id='word_1_77' title='bbox 134 1122 190 1187; x_wconf 82' lang='lat' dir='ltr'><strong>nt&#39;r</strong></span> <span class='ocrx_word' id='word_1_78' title='bbox 206 1122 297 1201; x_wconf 76' lang='lat' dir='ltr'><strong>filio</strong></span> <span class='ocrx_word' id='word_1_79' title='bbox 321 1126 485 1189; x_wconf 73' lang='lat' dir='ltr'><strong>uenerat?</strong></span> <span class='ocrx_word' id='word_1_80' title='bbox 515 1124 634 1197; x_wconf 83' lang='lat' dir='ltr'><strong>eodem</strong></span> <span class='ocrx_word' id='word_1_81' title='bbox 656 1145 725 1207; x_wconf 84' lang='lat' dir='ltr'><strong>quo</strong></span> <span class='ocrx_word' id='word_1_82' title='bbox 749 1122 898 1198; x_wconf 80' lang='lat' dir='ltr'><strong>Anniae,</strong></span> <span class='ocrx_word' id='word_1_83' title='bbox 922 1124 962 1187; x_wconf 82' lang='grc'><strong>0.</strong></span> <span class='ocrx_word' id='word_1_84' title='bbox 987 1121 1090 1186; x_wconf 81' lang='lat' dir='ltr'><strong>Annii</strong></span> <span class='ocrx_word' id='word_1_85' title='bbox 1108 1124 1331 1186; x_wconf 70' lang='lat' dir='ltr'><strong>senatoris</strong></span> <span class='ocrx_word' id='word_1_86' title='bbox 1347 1122 1463 1201; x_wconf 81' lang='lat' dir='ltr'><strong>filine.</strong></span> 
     </span>
     <span class='ocr_line' id='line_1_10' title="bbox 133 1214 1463 1303; baseline -0.002 -22"><span class='ocrx_word' id='word_1_87' title='bbox 133 1216 246 1281; x_wconf 81' lang='lat' dir='ltr'>Miror</span> <span class='ocrx_word' id='word_1_88' title='bbox 280 1217 379 1303; x_wconf 84' lang='lat' dir='ltr'><strong>igitur</strong></span> <span class='ocrx_word' id='word_1_89' title='bbox 407 1219 489 1282; x_wconf 79' lang='lat' dir='ltr'><strong>hene</strong></span> <span class='ocrx_word' id='word_1_90' title='bbox 518 1216 672 1283; x_wconf 67' lang='lat' dir='ltr'><strong>⁴Pseudu-</strong></span> <span class='ocrx_word' id='word_1_91' title='bbox 679 1217 815 1283; x_wconf 84' lang='lat' dir='ltr'><strong>Asconii</strong></span> <span class='ocrx_word' id='word_1_92' title='bbox 845 1214 1088 1298; x_wconf 81' lang='lat' dir='ltr'><strong>explicationem</strong></span> <span class='ocrx_word' id='word_1_93' title='bbox 1123 1236 1194 1279; x_wconf 90' lang='lat' dir='ltr'><strong>cum</strong></span> <span class='ocrx_word' id='word_1_94' title='bbox 1227 1216 1298 1280; x_wconf 82' lang='lat' dir='ltr'><strong>eliis</strong></span> <span class='ocrx_word' id='word_1_95' title='bbox 1329 1214 1463 1299; x_wconf 82' lang='lat' dir='ltr'><strong>probari</strong></span> 
     </span>
     <span class='ocr_line' id='line_1_11' title="bbox 132 1309 1461 1396; baseline -0.002 -21"><span class='ocrx_word' id='word_1_96' title='bbox 132 1311 280 1394; x_wconf 87' lang='lat' dir='ltr'><strong>potuisse</strong></span> <span class='ocrx_word' id='word_1_97' title='bbox 302 1322 367 1375; x_wconf 87' lang='lat' dir='ltr'><strong>turn</strong></span> <span class='ocrx_word' id='word_1_98' title='bbox 396 1312 442 1375; x_wconf 85' lang='lat' dir='ltr'><strong>tt.</strong></span> <span class='ocrx_word' id='word_1_99' title='bbox 472 1310 603 1377; x_wconf 86' lang='lat' dir='ltr'><strong>Meiero</strong></span> <span class='ocrx_word' id='word_1_100' title='bbox 631 1312 750 1396; x_wconf 77' lang='lat' dir='ltr'><strong>fragm.</strong></span> <span class='ocrx_word' id='word_1_101' title='bbox 780 1321 867 1374; x_wconf 86' lang='lat' dir='ltr'><strong>orat.</strong></span> <span class='ocrx_word' id='word_1_102' title='bbox 890 1330 974 1372; x_wconf 87' lang='lat' dir='ltr'><strong>rom.</strong></span> <span class='ocrx_word' id='word_1_103' title='bbox 999 1331 1032 1391; x_wconf 89' lang='lat' dir='ltr'><strong>p.</strong></span> <span class='ocrx_word' id='word_1_104' title='bbox 1057 1310 1111 1373; x_wconf 81' lang='grc'><strong>18.</strong></span> <span class='ocrx_word' id='word_1_105' title='bbox 1166 1309 1346 1375; x_wconf 82' lang='lat' dir='ltr'><strong>verissime</strong></span> <span class='ocrx_word' id='word_1_106' title='bbox 1370 1310 1461 1375; x_wconf 79' lang='lat' dir='ltr'><strong>Seri·</strong></span> 
     </span>
     <span class='ocr_line' id='line_1_12' title="bbox 134 1402 1461 1490; baseline 0 -23"><span class='ocrx_word' id='word_1_107' title='bbox 134 1404 284 1488; x_wconf 74' lang='lat' dir='ltr'><strong>gninsp.</strong></span> <span class='ocrx_word' id='word_1_108' title='bbox 307 1406 385 1469; x_wconf 72' lang='grc'><strong>005·</strong></span> <span class='ocrx_word' id='word_1_109' title='bbox 406 1407 516 1470; x_wconf 86' lang='lat' dir='ltr'><strong>docuit</strong></span> <span class='ocrx_word' id='word_1_110' title='bbox 538 1409 760 1490; x_wconf 75' lang='lat' dir='ltr'><strong>verbereque</strong></span> <span class='ocrx_word' id='word_1_111' title='bbox 780 1425 902 1468; x_wconf 80' lang='lat' dir='ltr'><strong>censue</strong></span> <span class='ocrx_word' id='word_1_112' title='bbox 923 1415 1011 1465; x_wconf 80' lang='lat' dir='ltr'><strong>esset</strong></span> <span class='ocrx_word' id='word_1_113' title='bbox 1032 1402 1076 1465; x_wconf 81' lang='lat' dir='ltr'><strong>ite</strong></span> <span class='ocrx_word' id='word_1_114' title='bbox 1096 1402 1297 1489; x_wconf 75' lang='lat' dir='ltr'><strong>intelligendo</strong></span> <span class='ocrx_word' id='word_1_115' title='bbox 1314 1426 1403 1480; x_wconf 84' lang='lat' dir='ltr'><strong>este,</strong></span> <span class='ocrx_word' id='word_1_116' title='bbox 1427 1414 1461 1469; x_wconf 84' lang='lat' dir='ltr'><strong>ot</strong></span> 
     </span>
     <span class='ocr_line' id='line_1_13' title="bbox 134 1494 1460 1585; baseline -0.002 -22"><span class='ocrx_word' id='word_1_117' title='bbox 134 1494 179 1563; x_wconf 86' lang='lat' dir='ltr'>C</span> <span class='ocrx_word' id='word_1_118' title='bbox 194 1498 333 1563; x_wconf 83' lang='lat' dir='ltr'><strong>Annium</strong></span> <span class='ocrx_word' id='word_1_119' title='bbox 354 1510 514 1581; x_wconf 87' lang='lat' dir='ltr'><strong>putemus,</strong></span> <span class='ocrx_word' id='word_1_120' title='bbox 535 1518 712 1585; x_wconf 79' lang='lat' dir='ltr'><strong>quanquam</strong></span> <span class='ocrx_word' id='word_1_121' title='bbox 732 1499 759 1563; x_wconf 85' lang='lat' dir='ltr'><strong>si</strong></span> <span class='ocrx_word' id='word_1_122' title='bbox 780 1520 857 1561; x_wconf 81' lang='lat' dir='ltr'><strong>vera</strong></span> <span class='ocrx_word' id='word_1_123' title='bbox 880 1518 967 1560; x_wconf 86' lang='lat' dir='ltr'><strong>meus</strong></span> <span class='ocrx_word' id='word_1_124' title='bbox 986 1508 1018 1561; x_wconf 91' lang='lat' dir='ltr'><strong>et</strong></span> <span class='ocrx_word' id='word_1_125' title='bbox 1038 1496 1203 1560; x_wconf 85' lang='lat' dir='ltr'><strong>consilium</strong></span> <span class='ocrx_word' id='word_1_126' title='bbox 1226 1490 1460 1563; x_wconf 80' lang='lat' dir='ltr'><strong>Voconiicon·</strong></span> 
     </span>
     <span class='ocr_line' id='line_1_14' title="bbox 133 1590 1461 1677; baseline 0 -22"><span class='ocrx_word' id='word_1_127' title='bbox 133 1590 327 1655; x_wconf 65' lang='lat' dir='ltr'><strong>allevaretur</strong></span> <span class='ocrx_word' id='word_1_128' title='bbox 350 1592 422 1677; x_wconf 82' lang='lat' dir='ltr'><strong>lege</strong></span> <span class='ocrx_word' id='word_1_129' title='bbox 450 1593 504 1657; x_wconf 88' lang='lat' dir='ltr'><strong>illa</strong></span> <span class='ocrx_word' id='word_1_130' title='bbox 524 1604 706 1668; x_wconf 78' lang='lat' dir='ltr'><strong>teneretur,</strong></span> <span class='ocrx_word' id='word_1_131' title='bbox 730 1615 766 1657; x_wconf 88' lang='lat' dir='ltr'><strong>se</strong></span> <span class='ocrx_word' id='word_1_132' title='bbox 793 1604 962 1674; x_wconf 88' lang='lat' dir='ltr'><strong>exceptum</strong></span> <span class='ocrx_word' id='word_1_133' title='bbox 986 1610 1056 1654; x_wconf 86' lang='lat' dir='ltr'><strong>esse</strong></span> <span class='ocrx_word' id='word_1_134' title='bbox 1078 1591 1150 1655; x_wconf 88' lang='lat' dir='ltr'><strong>ideo</strong></span> <span class='ocrx_word' id='word_1_135' title='bbox 1175 1591 1349 1667; x_wconf 80' lang='lat' dir='ltr'><strong>iudicasse,</strong></span> <span class='ocrx_word' id='word_1_136' title='bbox 1374 1592 1461 1677; x_wconf 78' lang='lat' dir='ltr'><strong>quod</strong></span> 
     </span>
     <span class='ocr_line' id='line_1_15' title="bbox 135 1686 1459 1770; baseline 0.001 -21"><span class='ocrx_word' id='word_1_137' title='bbox 135 1705 248 1749; x_wconf 79' lang='lat' dir='ltr'><strong>oenum</strong></span> <span class='ocrx_word' id='word_1_138' title='bbox 268 1706 333 1748; x_wconf 90' lang='lat' dir='ltr'><strong>non</strong></span> <span class='ocrx_word' id='word_1_139' title='bbox 353 1696 456 1761; x_wconf 88' lang='lat' dir='ltr'><strong>esset,</strong></span> <span class='ocrx_word' id='word_1_140' title='bbox 480 1688 545 1753; x_wconf 87' lang='lat' dir='ltr'><strong>hoc</strong></span> <span class='ocrx_word' id='word_1_141' title='bbox 566 1698 633 1761; x_wconf 92' lang='lat' dir='ltr'><strong>est,</strong></span> <span class='ocrx_word' id='word_1_142' title='bbox 657 1689 744 1770; x_wconf 81' lang='lat' dir='ltr'><strong>qrrod</strong></span> <span class='ocrx_word' id='word_1_143' title='bbox 766 1698 820 1749; x_wconf 79' lang='grc' dir='ltr'><strong>ιιιῑ</strong></span> <span class='ocrx_word' id='word_1_144' title='bbox 842 1686 970 1750; x_wconf 89' lang='lat' dir='ltr'><strong>omniuo</strong></span> <span class='ocrx_word' id='word_1_145' title='bbox 990 1704 1121 1749; x_wconf 83' lang='lat' dir='ltr'><strong>censum</strong></span> <span class='ocrx_word' id='word_1_146' title='bbox 1139 1689 1277 1748; x_wconf 86' lang='lat' dir='ltr'><strong>nondum</strong></span> <span class='ocrx_word' id='word_1_147' title='bbox 1293 1686 1459 1767; x_wconf 79' lang='lat' dir='ltr'><strong>professus</strong></span> 
     </span>
     <span class='ocr_line' id='line_1_16' title="bbox 132 1776 1460 1867; baseline -0.001 -24"><span class='ocrx_word' id='word_1_148' title='bbox 132 1789 217 1843; x_wconf 82' lang='lat' dir='ltr'><strong>esset</strong></span> <span class='ocrx_word' id='word_1_149' title='bbox 239 1789 293 1841; x_wconf 81' lang='grc' dir='ltr'><strong>ιιιι</strong></span> <span class='ocrx_word' id='word_1_150' title='bbox 313 1780 471 1867; x_wconf 71' lang='lat' dir='ltr'><strong>proximis</strong></span> <span class='ocrx_word' id='word_1_151' title='bbox 493 1782 680 1845; x_wconf 88' lang='lat' dir='ltr'><strong>censoribus</strong></span> <span class='ocrx_word' id='word_1_152' title='bbox 705 1782 766 1843; x_wconf 91' lang='lat' dir='ltr'><strong>hoe</strong></span> <span class='ocrx_word' id='word_1_153' title='bbox 789 1800 852 1842; x_wconf 92' lang='lat' dir='ltr'><strong>non</strong></span> <span class='ocrx_word' id='word_1_154' title='bbox 874 1776 1014 1841; x_wconf 86' lang='lat' dir='ltr'><strong>l&#39;ecisret.</strong></span> <span class='ocrx_word' id='word_1_155' title='bbox 1058 1776 1154 1842; x_wconf 86' lang='lat' dir='ltr'><strong>Prius</strong></span> <span class='ocrx_word' id='word_1_156' title='bbox 1175 1778 1254 1841; x_wconf 87' lang='lat' dir='ltr'><strong>illud</strong></span> <span class='ocrx_word' id='word_1_157' title='bbox 1273 1778 1369 1842; x_wconf 77' lang='lat' dir='ltr'><strong>facile</strong></span> <span class='ocrx_word' id='word_1_158' title='bbox 1387 1778 1460 1842; x_wconf 82' lang='lat' dir='ltr'><strong>lieri</strong></span> 
     </span>
     <span class='ocr_line' id='line_1_17' title="bbox 132 1870 1461 1957; baseline 0 -22"><span class='ocrx_word' id='word_1_159' title='bbox 132 1870 275 1955; x_wconf 86' lang='lat' dir='ltr'><strong>potuisse</strong></span> <span class='ocrx_word' id='word_1_160' title='bbox 293 1874 374 1938; x_wconf 87' lang='lat' dir='ltr'><strong>hene</strong></span> <span class='ocrx_word' id='word_1_161' title='bbox 392 1874 560 1956; x_wconf 89' lang='lat' dir='ltr'><strong>Zumptius</strong></span> <span class='ocrx_word' id='word_1_162' title='bbox 574 1873 725 1957; x_wconf 79' lang='lat' dir='ltr'><strong>exposuit</strong></span> <span class='ocrx_word' id='word_1_163' title='bbox 746 1896 779 1955; x_wconf 93' lang='lat' dir='ltr'><strong>p.</strong></span> <span class='ocrx_word' id='word_1_164' title='bbox 806 1874 878 1937; x_wconf 89' lang='grc'><strong>185.</strong></span> <span class='ocrx_word' id='word_1_165' title='bbox 921 1873 992 1934; x_wconf 83' lang='lat' dir='ltr'><strong>Hac</strong></span> <span class='ocrx_word' id='word_1_166' title='bbox 1012 1870 1092 1956; x_wconf 81' lang='lat' dir='ltr'><strong>legis</strong></span> <span class='ocrx_word' id='word_1_167' title='bbox 1111 1873 1267 1937; x_wconf 78' lang='lat' dir='ltr'><strong>voconiae</strong></span> <span class='ocrx_word' id='word_1_168' title='bbox 1288 1874 1461 1937; x_wconf 72' lang='lat' dir='ltr'><strong>cludendae</strong></span> 
     </span>
     <span class='ocr_line' id='line_1_18' title="bbox 132 1964 1462 2051; baseline 0.002 -24"><span class='ocrx_word' id='word_1_169' title='bbox 132 1965 259 2028; x_wconf 75' lang='lat' dir='ltr'><strong>ratione</strong></span> <span class='ocrx_word' id='word_1_170' title='bbox 285 1964 343 2031; x_wconf 91' lang='lat' dir='ltr'><strong>illo</strong></span> <span class='ocrx_word' id='word_1_171' title='bbox 370 1980 515 2050; x_wconf 89' lang='lat' dir='ltr'><strong>tempore</strong></span> <span class='ocrx_word' id='word_1_172' title='bbox 539 1970 622 2030; x_wconf 82' lang='lat' dir='ltr'><strong>haud</strong></span> <span class='ocrx_word' id='word_1_173' title='bbox 649 1989 772 2049; x_wconf 79' lang='lat' dir='ltr'><strong>paucos</strong></span> <span class='ocrx_word' id='word_1_174' title='bbox 795 1988 873 2030; x_wconf 87' lang='lat' dir='ltr'><strong>usos</strong></span> <span class='ocrx_word' id='word_1_175' title='bbox 898 1987 968 2029; x_wconf 87' lang='lat' dir='ltr'><strong>esse</strong></span> <span class='ocrx_word' id='word_1_176' title='bbox 992 1966 1198 2049; x_wconf 81' lang='lat' dir='ltr'><strong>intelligimus</strong></span> <span class='ocrx_word' id='word_1_177' title='bbox 1222 1988 1264 2029; x_wconf 88' lang='lat' dir='ltr'><strong>ex</strong></span> <span class='ocrx_word' id='word_1_178' title='bbox 1289 1967 1349 2045; x_wconf 82' lang='lat' dir='ltr'><strong>iis,</strong></span> <span class='ocrx_word' id='word_1_179' title='bbox 1381 1986 1462 2051; x_wconf 72' lang='lat' dir='ltr'><strong>quoe</strong></span> 
     </span>
     <span class='ocr_line' id='line_1_19' title="bbox 134 2056 1460 2151; baseline 0.002 -28"><span class='ocrx_word' id='word_1_180' title='bbox 134 2056 254 2123; x_wconf 89' lang='lat' dir='ltr'><strong>Cicero</strong></span> <span class='ocrx_word' id='word_1_181' title='bbox 276 2058 371 2125; x_wconf 79' lang='lat' dir='ltr'><strong>dicit:</strong></span> <span class='ocrx_word' id='word_1_182' title='bbox 383 2059 572 2151; x_wconf 75' lang='lat' dir='ltr'><strong>jaciebant</strong></span> <span class='ocrx_word' id='word_1_183' title='bbox 593 2063 711 2126; x_wconf 86' lang='lat' dir='ltr'><strong>omnia</strong></span> <span class='ocrx_word' id='word_1_184' title='bbox 728 2083 805 2127; x_wconf 90' lang='lat' dir='ltr'><strong>cum</strong></span> <span class='ocrx_word' id='word_1_185' title='bbox 817 2061 968 2145; x_wconf 84' lang='lat' dir='ltr'><strong>pupillo,</strong></span> <span class='ocrx_word' id='word_1_186' title='bbox 990 2061 1078 2144; x_wconf 84' lang='lat' dir='ltr'><strong>legis</strong></span> <span class='ocrx_word' id='word_1_187' title='bbox 1098 2061 1319 2145; x_wconf 77' lang='lat' dir='ltr'><strong>aequitat,</strong></span> <span class='ocrx_word' id='word_1_188' title='bbox 1341 2064 1460 2125; x_wconf 74' lang='lat' dir='ltr'><strong>odun-</strong></span> 
     </span>
     <span class='ocr_line' id='line_1_20' title="bbox 132 2154 1459 2239; baseline 0.002 -23"><span class='ocrx_word' id='word_1_189' title='bbox 132 2164 190 2217; x_wconf 82' lang='lat' dir='ltr'><strong>tar</strong></span> <span class='ocrx_word' id='word_1_190' title='bbox 215 2155 351 2236; x_wconf 74' lang='lat' dir='ltr'><strong>patrie,</strong></span> <span class='ocrx_word' id='word_1_191' title='bbox 381 2155 525 2219; x_wconf 84' lang='lat' dir='ltr'><strong>edicta</strong></span> <span class='ocrx_word' id='word_1_192' title='bbox 550 2167 823 2239; x_wconf 83' lang='lat' dir='ltr'><strong>praetorum,</strong></span> <span class='ocrx_word' id='word_1_193' title='bbox 853 2154 1119 2218; x_wconf 75' lang='lat' dir='ltr'><strong>consuetudo</strong></span> <span class='ocrx_word' id='word_1_194' title='bbox 1145 2156 1258 2221; x_wconf 71' lang='lat' dir='ltr'><strong>iuris</strong></span> <span class='ocrx_word' id='word_1_195' title='bbox 1278 2158 1376 2221; x_wconf 78' lang='lat' dir='ltr'><strong>citer</strong></span> <span class='ocrx_word' id='word_1_196' title='bbox 1395 2168 1459 2221; x_wconf 82' lang='lat' dir='ltr'><strong>etc.</strong></span> 
     </span>
     <span class='ocr_line' id='line_1_21' title="bbox 135 2245 1461 2333; baseline 0.004 -24"><span class='ocrx_word' id='word_1_197' title='bbox 135 2245 263 2333; x_wconf 82' lang='lat' dir='ltr'><strong>Siquis</strong></span> <span class='ocrx_word' id='word_1_198' title='bbox 286 2269 365 2314; x_wconf 83' lang='lat' dir='ltr'><strong>vero</strong></span> <span class='ocrx_word' id='word_1_199' title='bbox 387 2249 577 2333; x_wconf 82' lang='lat' dir='ltr'><strong>qrrresierit,</strong></span> <span class='ocrx_word' id='word_1_200' title='bbox 614 2272 672 2313; x_wconf 87' lang='lat' dir='ltr'><strong>cuc</strong></span> <span class='ocrx_word' id='word_1_201' title='bbox 694 2248 734 2316; x_wconf 87' lang='lat' dir='ltr'><strong>C.</strong></span> <span class='ocrx_word' id='word_1_202' title='bbox 757 2249 881 2313; x_wconf 84' lang='lat' dir='ltr'><strong>Annius</strong></span> <span class='ocrx_word' id='word_1_203' title='bbox 904 2250 1000 2311; x_wconf 79' lang='lat' dir='ltr'><strong>lilium</strong></span> <span class='ocrx_word' id='word_1_204' title='bbox 1024 2270 1103 2331; x_wconf 79' lang='lat' dir='ltr'><strong>quoe</strong></span> <span class='ocrx_word' id='word_1_205' title='bbox 1131 2249 1161 2311; x_wconf 87' lang='lat' dir='ltr'><strong>ei</strong></span> <span class='ocrx_word' id='word_1_206' title='bbox 1189 2249 1338 2315; x_wconf 75' lang='lat' dir='ltr'><strong>intestato</strong></span> <span class='ocrx_word' id='word_1_207' title='bbox 1368 2252 1461 2314; x_wconf 84' lang='lat' dir='ltr'><strong>heret</strong></span> 
     </span>
     <span class='ocr_line' id='line_1_22' title="bbox 134 2344 1461 2425; baseline 0.001 -20"><span class='ocrx_word' id='word_1_208' title='bbox 134 2352 218 2407; x_wconf 79' lang='lat' dir='ltr'><strong>esset</strong></span> <span class='ocrx_word' id='word_1_209' title='bbox 247 2353 436 2408; x_wconf 79' lang='lat' dir='ltr'><strong>testamento</strong></span> <span class='ocrx_word' id='word_1_210' title='bbox 460 2346 605 2407; x_wconf 80' lang='lat' dir='ltr'><strong>heredem</strong></span> <span class='ocrx_word' id='word_1_211' title='bbox 630 2344 793 2409; x_wconf 82' lang='lat' dir='ltr'><strong>instituere</strong></span> <span class='ocrx_word' id='word_1_212' title='bbox 825 2344 986 2421; x_wconf 83' lang='lat' dir='ltr'><strong>maluerit,</strong></span> <span class='ocrx_word' id='word_1_213' title='bbox 1010 2346 1259 2425; x_wconf 85' lang='lat' dir='ltr'><strong>respondemus,</strong></span> <span class='ocrx_word' id='word_1_214' title='bbox 1284 2364 1354 2408; x_wconf 83' lang='lat' dir='ltr'><strong>euro</strong></span> <span class='ocrx_word' id='word_1_215' title='bbox 1375 2344 1461 2407; x_wconf 82' lang='lat' dir='ltr'><strong>lllire</strong></span> 
     </span>
     <span class='ocr_line' id='line_1_23' title="bbox 133 2436 1459 2530; baseline -0.002 -29"><span class='ocrx_word' id='word_1_216' title='bbox 133 2436 336 2530; x_wconf 68' lang='lat' dir='ltr'><strong>infantile.</strong></span> <span class='ocrx_word' id='word_1_217' title='bbox 360 2437 493 2502; x_wconf 87' lang='lat' dir='ltr'><strong>Verrio.</strong></span> <span class='ocrx_word' id='word_1_218' title='bbox 517 2439 546 2502; x_wconf 87' lang='lat' dir='ltr'><strong>l.</strong></span> <span class='ocrx_word' id='word_1_219' title='bbox 569 2440 628 2514; x_wconf 90' lang='grc'><strong>58,</strong></span> <span class='ocrx_word' id='word_1_220' title='bbox 656 2439 745 2517; x_wconf 81' lang='grc'><strong>158.)</strong></span> <span class='ocrx_word' id='word_1_221' title='bbox 767 2449 890 2502; x_wconf 88' lang='lat' dir='ltr'><strong>tutores</strong></span> <span class='ocrx_word' id='word_1_222' title='bbox 911 2441 986 2500; x_wconf 81' lang='lat' dir='ltr'><strong>dere</strong></span> <span class='ocrx_word' id='word_1_223' title='bbox 1008 2449 1039 2501; x_wconf 90' lang='lat' dir='ltr'><strong>et</strong></span> <span class='ocrx_word' id='word_1_224' title='bbox 1060 2439 1104 2500; x_wconf 89' lang='lat' dir='ltr'><strong>L.</strong></span> <span class='ocrx_word' id='word_1_225' title='bbox 1127 2436 1266 2500; x_wconf 85' lang='lat' dir='ltr'><strong>Annium</strong></span> <span class='ocrx_word' id='word_1_226' title='bbox 1289 2441 1459 2502; x_wconf 86' lang='lat' dir='ltr'><strong>secundum</strong></span> 
     </span>
     <span class='ocr_line' id='line_1_24' title="bbox 133 2530 1458 2615; baseline 0 -20"><span class='ocrx_word' id='word_1_227' title='bbox 133 2532 281 2595; x_wconf 88' lang='lat' dir='ltr'><strong>heredem</strong></span> <span class='ocrx_word' id='word_1_228' title='bbox 309 2530 475 2595; x_wconf 82' lang='lat' dir='ltr'><strong>instituere</strong></span> <span class='ocrx_word' id='word_1_229' title='bbox 502 2532 660 2607; x_wconf 83' lang='lat' dir='ltr'><strong>voluisse,</strong></span> <span class='ocrx_word' id='word_1_230' title='bbox 695 2534 782 2615; x_wconf 83' lang='lat' dir='ltr'><strong>quod</strong></span> <span class='ocrx_word' id='word_1_231' title='bbox 811 2532 935 2596; x_wconf 90' lang='lat' dir='ltr'><strong>nonnisi</strong></span> <span class='ocrx_word' id='word_1_232' title='bbox 969 2541 1159 2595; x_wconf 79' lang='lat' dir='ltr'><strong>testamento</strong></span> <span class='ocrx_word' id='word_1_233' title='bbox 1188 2530 1314 2594; x_wconf 87' lang='lat' dir='ltr'><strong>efficere</strong></span> <span class='ocrx_word' id='word_1_234' title='bbox 1341 2532 1458 2613; x_wconf 86' lang='lat' dir='ltr'><strong>potuit.</strong></span> 
     </span>
     <span class='ocr_line' id='line_1_25' title="bbox 134 2624 1459 2713; baseline -0.002 -24"><span class='ocrx_word' id='word_1_235' title='bbox 134 2624 186 2689; x_wconf 83' lang='lat' dir='ltr'><strong>lte</strong></span> <span class='ocrx_word' id='word_1_236' title='bbox 208 2625 318 2689; x_wconf 77' lang='lat' dir='ltr'><strong>Hessii</strong></span> <span class='ocrx_word' id='word_1_237' title='bbox 340 2624 529 2690; x_wconf 80' lang='lat' dir='ltr'><strong>dubitationi</strong></span> <span class='ocrx_word' id='word_1_238' title='bbox 550 2648 585 2708; x_wconf 89' lang='lat' dir='ltr'><strong>p.</strong></span> <span class='ocrx_word' id='word_1_239' title='bbox 611 2626 672 2690; x_wconf 82' lang='lat' dir='ltr'><strong>19u</strong></span> <span class='ocrx_word' id='word_1_240' title='bbox 693 2647 785 2713; x_wconf 72' lang='lat' dir='ltr'><strong>seqq.</strong></span> <span class='ocrx_word' id='word_1_241' title='bbox 819 2626 946 2692; x_wconf 82' lang='lat' dir='ltr'><strong>obviam</strong></span> <span class='ocrx_word' id='word_1_242' title='bbox 967 2627 1046 2688; x_wconf 88' lang='lat' dir='ltr'><strong>itum</strong></span> <span class='ocrx_word' id='word_1_243' title='bbox 1068 2645 1136 2687; x_wconf 89' lang='lat' dir='ltr'><strong>esse</strong></span> <span class='ocrx_word' id='word_1_244' title='bbox 1159 2624 1318 2689; x_wconf 86' lang='lat' dir='ltr'><strong>existimo.</strong></span> <span class='ocrx_word' id='word_1_245' title='bbox 1360 2624 1459 2689; x_wconf 77' lang='lat' dir='ltr'><strong>neui-</strong></span> 
     </span>
     <span class='ocr_line' id='line_1_26' title="bbox 134 2717 1458 2803; baseline -0.001 -21"><span class='ocrx_word' id='word_1_246' title='bbox 134 2739 197 2803; x_wconf 84' lang='lat' dir='ltr'><strong>qne</strong></span> <span class='ocrx_word' id='word_1_247' title='bbox 227 2739 269 2781; x_wconf 89' lang='lat' dir='ltr'><strong>ex</strong></span> <span class='ocrx_word' id='word_1_248' title='bbox 300 2719 363 2781; x_wconf 90' lang='lat' dir='ltr'><strong>hoc</strong></span> <span class='ocrx_word' id='word_1_249' title='bbox 394 2718 560 2783; x_wconf 78' lang='lat' dir='ltr'><strong>Ciceronis</strong></span> <span class='ocrx_word' id='word_1_250' title='bbox 591 2720 665 2782; x_wconf 88' lang='lat' dir='ltr'><strong>loeo</strong></span> <span class='ocrx_word' id='word_1_251' title='bbox 695 2721 861 2795; x_wconf 87' lang='lat' dir='ltr'><strong>discimus,</strong></span> <span class='ocrx_word' id='word_1_252' title='bbox 900 2740 940 2781; x_wconf 92' lang='lat' dir='ltr'><strong>ne</strong></span> <span class='ocrx_word' id='word_1_253' title='bbox 979 2720 1101 2782; x_wconf 83' lang='lat' dir='ltr'><strong>unicam</strong></span> <span class='ocrx_word' id='word_1_254' title='bbox 1128 2718 1252 2801; x_wconf 88' lang='lat' dir='ltr'><strong>quidem</strong></span> <span class='ocrx_word' id='word_1_255' title='bbox 1287 2717 1382 2781; x_wconf 78' lang='lat' dir='ltr'><strong>titiam</strong></span> <span class='ocrx_word' id='word_1_256' title='bbox 1418 2720 1458 2781; x_wconf 79' lang='lat' dir='ltr'><strong>tlt</strong></span> 
     </span>
     <span class='ocr_line' id='line_1_27' title="bbox 134 2806 1458 2897; baseline 0 -22"><span class='ocrx_word' id='word_1_257' title='bbox 134 2831 174 2876; x_wconf 91' lang='lat' dir='ltr'><strong>eo</strong></span> <span class='ocrx_word' id='word_1_258' title='bbox 195 2811 250 2895; x_wconf 80' lang='lat' dir='ltr'><strong>qui</strong></span> <span class='ocrx_word' id='word_1_259' title='bbox 276 2833 390 2875; x_wconf 82' lang='lat' dir='ltr'><strong>census</strong></span> <span class='ocrx_word' id='word_1_260' title='bbox 415 2826 499 2876; x_wconf 88' lang='lat' dir='ltr'><strong>esset</strong></span> <span class='ocrx_word' id='word_1_261' title='bbox 527 2806 827 2876; x_wconf 63' lang='lat' dir='ltr'><strong>heredern‘iostitui</strong></span> <span class='ocrx_word' id='word_1_262' title='bbox 859 2813 1018 2895; x_wconf 87' lang='lat' dir='ltr'><strong>potuisse,</strong></span> <span class='ocrx_word' id='word_1_263' title='bbox 1054 2815 1093 2876; x_wconf 91' lang='lat' dir='ltr'><strong>de</strong></span> <span class='ocrx_word' id='word_1_264' title='bbox 1125 2832 1187 2897; x_wconf 84' lang='lat' dir='ltr'><strong>qua</strong></span> <span class='ocrx_word' id='word_1_265' title='bbox 1216 2834 1251 2875; x_wconf 92' lang='lat' dir='ltr'><strong>re</strong></span> <span class='ocrx_word' id='word_1_266' title='bbox 1276 2812 1377 2876; x_wconf 82' lang='lat' dir='ltr'><strong>luisse</strong></span> <span class='ocrx_word' id='word_1_267' title='bbox 1404 2810 1458 2897; x_wconf 81' lang='lat' dir='ltr'><strong>qni</strong></span> 
     </span>
     <span class='ocr_line' id='line_1_28' title="bbox 134 2906 607 2987; baseline 0 -18"><span class='ocrx_word' id='word_1_268' title='bbox 134 2906 317 2969; x_wconf 80' lang='lat' dir='ltr'><strong>derhitarent</strong></span> <span class='ocrx_word' id='word_1_269' title='bbox 340 2926 435 2987; x_wconf 82' lang='lat' dir='ltr'><strong>supro</strong></span> <span class='ocrx_word' id='word_1_270' title='bbox 459 2906 607 2970; x_wconf 85' lang='lat' dir='ltr'><strong>diximus.</strong></span> 
     </span>
    </p>

    <p class='ocr_par' dir='ltr' id='par_1_3' title="bbox 133 2997 1462 4401">
     <span class='ocr_line' id='line_1_29' title="bbox 219 2997 1462 3084; baseline 0.002 -21"><span class='ocrx_word' id='word_1_271' title='bbox 219 2997 260 3063; x_wconf 88' lang='lat' dir='ltr'><strong>C.</strong></span> <span class='ocrx_word' id='word_1_272' title='bbox 281 3002 404 3064; x_wconf 85' lang='lat' dir='ltr'><strong>Verres</strong></span> <span class='ocrx_word' id='word_1_273' title='bbox 430 3020 509 3064; x_wconf 83' lang='lat' dir='ltr'><strong>vero</strong></span> <span class='ocrx_word' id='word_1_274' title='bbox 534 3022 605 3063; x_wconf 81' lang='lat' dir='ltr'><strong>etim</strong></span> <span class='ocrx_word' id='word_1_275' title='bbox 630 3010 762 3083; x_wconf 83' lang='lat' dir='ltr'><strong>praetor</strong></span> <span class='ocrx_word' id='word_1_276' title='bbox 784 3003 923 3064; x_wconf 83' lang='grc' dir='ltr'><strong>ιιιΙιιιιιιι</strong></span> <span class='ocrx_word' id='word_1_277' title='bbox 947 3000 1050 3062; x_wconf 81' lang='lat' dir='ltr'><strong>fectus</strong></span> <span class='ocrx_word' id='word_1_278' title='bbox 1073 3010 1157 3063; x_wconf 86' lang='lat' dir='ltr'><strong>esset</strong></span> <span class='ocrx_word' id='word_1_279' title='bbox 1182 3021 1314 3084; x_wconf 76' lang='lat' dir='ltr'><strong>magnae</strong></span> <span class='ocrx_word' id='word_1_280' title='bbox 1335 3000 1462 3065; x_wconf 87' lang='lat' dir='ltr'><strong>heredi·</strong></span> 
     </span>
     <span class='ocr_line' id='line_1_30' title="bbox 135 3090 1461 3178; baseline 0.002 -22"><span class='ocrx_word' id='word_1_281' title='bbox 135 3090 229 3167; x_wconf 82' lang='lat' dir='ltr'><strong>tetis,</strong></span> <span class='ocrx_word' id='word_1_282' title='bbox 252 3112 346 3175; x_wconf 77' lang='lat' dir='ltr'><strong>quiem</strong></span> <span class='ocrx_word' id='word_1_283' title='bbox 370 3090 413 3157; x_wconf 86' lang='lat' dir='ltr'><strong>C.</strong></span> <span class='ocrx_word' id='word_1_284' title='bbox 436 3094 561 3157; x_wconf 84' lang='lat' dir='ltr'><strong>Annius</strong></span> <span class='ocrx_word' id='word_1_285' title='bbox 586 3093 673 3157; x_wconf 82' lang='lat' dir='ltr'><strong>filiae</strong></span> <span class='ocrx_word' id='word_1_286' title='bbox 693 3094 886 3178; x_wconf 84' lang='lat' dir='ltr'><strong>reliquerat,</strong></span> <span class='ocrx_word' id='word_1_287' title='bbox 917 3095 1089 3177; x_wconf 76' lang='lat' dir='ltr'><strong>cupiditate</strong></span> <span class='ocrx_word' id='word_1_288' title='bbox 1111 3097 1222 3157; x_wconf 75' lang='lat' dir='ltr'><strong>deictus</strong></span> <span class='ocrx_word' id='word_1_289' title='bbox 1244 3095 1368 3157; x_wconf 87' lang='lat' dir='ltr'><strong>lucrum</strong></span> <span class='ocrx_word' id='word_1_290' title='bbox 1390 3114 1461 3178; x_wconf 85' lang='lat' dir='ltr'><strong>spe·</strong></span> 
     </span>
     <span class='ocr_line' id='line_1_31' title="bbox 135 3186 1461 3274; baseline 0.002 -25"><span class='ocrx_word' id='word_1_291' title='bbox 135 3186 312 3249; x_wconf 80' lang='lat' dir='ltr'><strong>eulrbatur.</strong></span> <span class='ocrx_word' id='word_1_292' title='bbox 356 3186 447 3250; x_wconf 82' lang='lat' dir='ltr'><strong>Vidit</strong></span> <span class='ocrx_word' id='word_1_293' title='bbox 469 3200 688 3251; x_wconf 82' lang='lat' dir='ltr'><strong>testamentum</strong></span> <span class='ocrx_word' id='word_1_294' title='bbox 710 3187 752 3252; x_wconf 87' lang='lat' dir='ltr'><strong>C.</strong></span> <span class='ocrx_word' id='word_1_295' title='bbox 782 3189 878 3253; x_wconf 87' lang='lat' dir='ltr'><strong>Annii</strong></span> <span class='ocrx_word' id='word_1_296' title='bbox 907 3208 950 3251; x_wconf 83' lang='lat' dir='ltr'><strong>ex</strong></span> <span class='ocrx_word' id='word_1_297' title='bbox 972 3188 1201 3252; x_wconf 91' lang='lat' dir='ltr'><strong>consuetudine</strong></span> <span class='ocrx_word' id='word_1_298' title='bbox 1231 3189 1358 3274; x_wconf 84' lang='lat' dir='ltr'><strong>quidem</strong></span> <span class='ocrx_word' id='word_1_299' title='bbox 1383 3186 1461 3252; x_wconf 83' lang='lat' dir='ltr'><strong>iuris</strong></span> 
     </span>
     <span class='ocr_line' id='line_1_32' title="bbox 134 3279 1459 3369; baseline 0.002 -26"><span class='ocrx_word' id='word_1_300' title='bbox 134 3279 200 3343; x_wconf 85' lang='lat' dir='ltr'><strong>eius</strong></span> <span class='ocrx_word' id='word_1_301' title='bbox 218 3282 305 3364; x_wconf 79' lang='lat' dir='ltr'><strong>qttod</strong></span> <span class='ocrx_word' id='word_1_302' title='bbox 320 3290 384 3342; x_wconf 89' lang='lat' dir='ltr'><strong>tum</strong></span> <span class='ocrx_word' id='word_1_303' title='bbox 410 3282 529 3344; x_wconf 82' lang='lat' dir='ltr'><strong>valeret</strong></span> <span class='ocrx_word' id='word_1_304' title='bbox 547 3282 666 3346; x_wconf 81' lang='lat' dir='ltr'><strong>lectum</strong></span> <span class='ocrx_word' id='word_1_305' title='bbox 686 3302 775 3356; x_wconf 88' lang='lat' dir='ltr'><strong>esse,</strong></span> <span class='ocrx_word' id='word_1_306' title='bbox 799 3302 920 3367; x_wconf 81' lang='lat' dir='ltr'><strong>exque</strong></span> <span class='ocrx_word' id='word_1_307' title='bbox 943 3280 998 3366; x_wconf 84' lang='lat' dir='ltr'><strong>qui</strong></span> <span class='ocrx_word' id='word_1_308' title='bbox 1020 3282 1106 3345; x_wconf 81' lang='lat' dir='ltr'><strong>censi</strong></span> <span class='ocrx_word' id='word_1_309' title='bbox 1128 3302 1191 3345; x_wconf 91' lang='lat' dir='ltr'><strong>non</strong></span> <span class='ocrx_word' id='word_1_310' title='bbox 1207 3294 1313 3345; x_wconf 89' lang='lat' dir='ltr'><strong>essent</strong></span> <span class='ocrx_word' id='word_1_311' title='bbox 1334 3304 1369 3346; x_wconf 88' lang='lat' dir='ltr'><strong>sc</strong></span> <span class='ocrx_word' id='word_1_312' title='bbox 1388 3283 1459 3369; x_wconf 67' lang='lat' dir='ltr'><strong>lege</strong></span> 
     </span>
     <span class='ocr_line' id='line_1_33' title="bbox 134 3373 1456 3461; baseline 0 -22"><span class='ocrx_word' id='word_1_313' title='bbox 134 3373 272 3439; x_wconf 76' lang='lat' dir='ltr'><strong>roconis</strong></span> <span class='ocrx_word' id='word_1_314' title='bbox 293 3394 358 3437; x_wconf 91' lang='lat' dir='ltr'><strong>non</strong></span> <span class='ocrx_word' id='word_1_315' title='bbox 381 3374 484 3437; x_wconf 81' lang='lat' dir='ltr'><strong>teneri</strong></span> <span class='ocrx_word' id='word_1_316' title='bbox 499 3386 663 3456; x_wconf 83' lang='lat' dir='ltr'><strong>putarent,</strong></span> <span class='ocrx_word' id='word_1_317' title='bbox 688 3378 743 3439; x_wconf 90' lang='lat' dir='ltr'><strong>sed</strong></span> <span class='ocrx_word' id='word_1_318' title='bbox 759 3376 785 3438; x_wconf 91' lang='lat' dir='ltr'><strong>si</strong></span> <span class='ocrx_word' id='word_1_319' title='bbox 802 3374 871 3458; x_wconf 84' lang='lat' dir='ltr'><strong>quis</strong></span> <span class='ocrx_word' id='word_1_320' title='bbox 888 3392 996 3439; x_wconf 80' lang='lat' dir='ltr'><strong>rerem</strong></span> <span class='ocrx_word' id='word_1_321' title='bbox 1011 3374 1091 3460; x_wconf 81' lang='lat' dir='ltr'><strong>legis</strong></span> <span class='ocrx_word' id='word_1_322' title='bbox 1107 3388 1241 3439; x_wconf 88' lang='lat' dir='ltr'><strong>mentem</strong></span> <span class='ocrx_word' id='word_1_323' title='bbox 1258 3388 1456 3461; x_wconf 82' lang='lat' dir='ltr'><strong>sequeretur,</strong></span> 
     </span>
     <span class='ocr_line' id='line_1_34' title="bbox 133 3466 1457 3554; baseline 0 -21"><span class='ocrx_word' id='word_1_324' title='bbox 133 3478 246 3533; x_wconf 75' lang='lat' dir='ltr'><strong>coena</strong></span> <span class='ocrx_word' id='word_1_325' title='bbox 268 3466 354 3533; x_wconf 75' lang='lat' dir='ltr'><strong>itta·</strong></span> <span class='ocrx_word' id='word_1_326' title='bbox 377 3467 495 3531; x_wconf 83' lang='lat' dir='ltr'><strong>leetnrn</strong></span> <span class='ocrx_word' id='word_1_327' title='bbox 515 3489 600 3533; x_wconf 88' lang='lat' dir='ltr'><strong>esse.</strong></span> <span class='ocrx_word' id='word_1_328' title='bbox 647 3472 689 3532; x_wconf 86' lang='lat' dir='ltr'><strong>L.</strong></span> <span class='ocrx_word' id='word_1_329' title='bbox 714 3469 854 3533; x_wconf 85' lang='lat' dir='ltr'><strong>Annium</strong></span> <span class='ocrx_word' id='word_1_330' title='bbox 877 3469 994 3553; x_wconf 85' lang='lat' dir='ltr'><strong>igitur,</strong></span> <span class='ocrx_word' id='word_1_331' title='bbox 1018 3469 1075 3554; x_wconf 88' lang='lat' dir='ltr'><strong>qui</strong></span> <span class='ocrx_word' id='word_1_332' title='bbox 1100 3491 1118 3533; x_wconf 86' lang='grc' dir='ltr'><strong>ι</strong></span> <span class='ocrx_word' id='word_1_333' title='bbox 1147 3468 1190 3534; x_wconf 89' lang='lat' dir='ltr'><strong>C.</strong></span> <span class='ocrx_word' id='word_1_334' title='bbox 1214 3470 1324 3535; x_wconf 81' lang='lat' dir='ltr'><strong>Annio</strong></span> <span class='ocrx_word' id='word_1_335' title='bbox 1346 3490 1457 3535; x_wconf 82' lang='lat' dir='ltr'><strong>secem·</strong></span> 
     </span>
     <span class='ocr_line' id='line_1_35' title="bbox 134 3561 1453 3646; baseline 0 -21"><span class='ocrx_word' id='word_1_336' title='bbox 134 3564 206 3627; x_wconf 85' lang='lat' dir='ltr'><strong>dum</strong></span> <span class='ocrx_word' id='word_1_337' title='bbox 228 3562 324 3625; x_wconf 83' lang='lat' dir='ltr'><strong>liliam</strong></span> <span class='ocrx_word' id='word_1_338' title='bbox 347 3565 440 3625; x_wconf 89' lang='lat' dir='ltr'><strong>heres</strong></span> <span class='ocrx_word' id='word_1_339' title='bbox 459 3561 621 3627; x_wconf 87' lang='lat' dir='ltr'><strong>institutus</strong></span> <span class='ocrx_word' id='word_1_340' title='bbox 648 3575 735 3639; x_wconf 79' lang='lat' dir='ltr'><strong>erat,</strong></span> <span class='ocrx_word' id='word_1_341' title='bbox 771 3563 945 3645; x_wconf 75' lang='lat' dir='ltr'><strong>appellarit</strong></span> <span class='ocrx_word' id='word_1_342' title='bbox 972 3584 1105 3646; x_wconf 72' lang='lat' dir='ltr'><strong>ecumque</strong></span> <span class='ocrx_word' id='word_1_343' title='bbox 1128 3564 1254 3639; x_wconf 88' lang='lat' dir='ltr'><strong>docuit,</strong></span> <span class='ocrx_word' id='word_1_344' title='bbox 1277 3583 1313 3626; x_wconf 89' lang='lat' dir='ltr'><strong>se</strong></span> <span class='ocrx_word' id='word_1_345' title='bbox 1339 3562 1453 3639; x_wconf 91' lang='lat' dir='ltr'><strong>edicto,</strong></span> 
     </span>
     <span class='ocr_line' id='line_1_36' title="bbox 134 3655 1455 3743; baseline 0 -22"><span class='ocrx_word' id='word_1_346' title='bbox 134 3676 200 3741; x_wconf 74' lang='lat' dir='ltr'><strong>qno</strong></span> <span class='ocrx_word' id='word_1_347' title='bbox 222 3655 325 3743; x_wconf 82' lang='lat' dir='ltr'><strong>legem</strong></span> <span class='ocrx_word' id='word_1_348' title='bbox 351 3657 520 3721; x_wconf 81' lang='lat' dir='ltr'><strong>voconiam</strong></span> <span class='ocrx_word' id='word_1_349' title='bbox 549 3671 711 3734; x_wconf 87' lang='lat' dir='ltr'><strong>tueretur,</strong></span> <span class='ocrx_word' id='word_1_350' title='bbox 738 3659 943 3722; x_wconf 85' lang='lat' dir='ltr'><strong>hereditatem</strong></span> <span class='ocrx_word' id='word_1_351' title='bbox 970 3658 1093 3722; x_wconf 76' lang='lat' dir='ltr'><strong>Anniae</strong></span> <span class='ocrx_word' id='word_1_352' title='bbox 1122 3657 1248 3740; x_wconf 84' lang='lat' dir='ltr'><strong>eripere</strong></span> <span class='ocrx_word' id='word_1_353' title='bbox 1274 3668 1391 3740; x_wconf 79' lang='lat' dir='ltr'><strong>posse,</strong></span> <span class='ocrx_word' id='word_1_354' title='bbox 1413 3656 1455 3721; x_wconf 84' lang='lat' dir='ltr'><strong>itr</strong></span> 
     </span>
     <span class='ocr_line' id='line_1_37' title="bbox 134 3751 1452 3837; baseline 0 -22"><span class='ocrx_word' id='word_1_355' title='bbox 134 3762 170 3815; x_wconf 90' lang='lat' dir='ltr'><strong>nt</strong></span> <span class='ocrx_word' id='word_1_356' title='bbox 189 3753 229 3814; x_wconf 80' lang='lat' dir='ltr'><strong>td</strong></span> <span class='ocrx_word' id='word_1_357' title='bbox 250 3755 420 3815; x_wconf 76' lang='lat' dir='ltr'><strong>secumdum</strong></span> <span class='ocrx_word' id='word_1_358' title='bbox 444 3753 592 3817; x_wconf 83' lang='lat' dir='ltr'><strong>heredem</strong></span> <span class='ocrx_word' id='word_1_359' title='bbox 612 3752 805 3835; x_wconf 87' lang='lat' dir='ltr'><strong>perveniret.</strong></span> <span class='ocrx_word' id='word_1_360' title='bbox 850 3753 1041 3837; x_wconf 79' lang='lat' dir='ltr'><strong>Priusquam</strong></span> <span class='ocrx_word' id='word_1_361' title='bbox 1062 3773 1142 3816; x_wconf 85' lang='lat' dir='ltr'><strong>vero</strong></span> <span class='ocrx_word' id='word_1_362' title='bbox 1163 3751 1300 3816; x_wconf 84' lang='lat' dir='ltr'><strong>edictum</strong></span> <span class='ocrx_word' id='word_1_363' title='bbox 1316 3753 1452 3835; x_wconf 79' lang='lat' dir='ltr'><strong>scripsit,</strong></span> 
     </span>
     <span class='ocr_line' id='line_1_38' title="bbox 134 3844 1452 3930; baseline -0.001 -22"><span class='ocrx_word' id='word_1_364' title='bbox 134 3846 175 3908; x_wconf 81' lang='lat' dir='ltr'><strong>ed</strong></span> <span class='ocrx_word' id='word_1_365' title='bbox 189 3854 318 3908; x_wconf 79' lang='lat' dir='ltr'><strong>matrem</strong></span> <span class='ocrx_word' id='word_1_366' title='bbox 337 3856 368 3908; x_wconf 88' lang='lat' dir='ltr'><strong>et</strong></span> <span class='ocrx_word' id='word_1_367' title='bbox 383 3855 507 3909; x_wconf 89' lang='lat' dir='ltr'><strong>tutores</strong></span> <span class='ocrx_word' id='word_1_368' title='bbox 523 3846 649 3909; x_wconf 85' lang='lat' dir='ltr'><strong>Anniae</strong></span> <span class='ocrx_word' id='word_1_369' title='bbox 666 3846 818 3909; x_wconf 87' lang='lat' dir='ltr'><strong>summisit</strong></span> <span class='ocrx_word' id='word_1_370' title='bbox 836 3857 930 3930; x_wconf 79' lang='lat' dir='ltr'><strong>etque</strong></span> <span class='ocrx_word' id='word_1_371' title='bbox 944 3844 1109 3927; x_wconf 83' lang='lat' dir='ltr'><strong>pecuniam</strong></span> <span class='ocrx_word' id='word_1_372' title='bbox 1125 3848 1274 3928; x_wconf 73' lang='lat' dir='ltr'><strong>grandem</strong></span> <span class='ocrx_word' id='word_1_373' title='bbox 1292 3846 1452 3929; x_wconf 78' lang='lat' dir='ltr'><strong>poposcit,</strong></span> 
     </span>
     <span class='ocr_line' id='line_1_39' title="bbox 134 3936 1456 4022; baseline 0.002 -21"><span class='ocrx_word' id='word_1_374' title='bbox 134 3936 161 4001; x_wconf 89' lang='lat' dir='ltr'><strong>si</strong></span> <span class='ocrx_word' id='word_1_375' title='bbox 179 3937 381 4002; x_wconf 81' lang='lat' dir='ltr'><strong>hereditatem</strong></span> <span class='ocrx_word' id='word_1_376' title='bbox 404 3938 544 4021; x_wconf 83' lang='lat' dir='ltr'><strong>pupillae</strong></span> <span class='ocrx_word' id='word_1_377' title='bbox 566 3939 646 4021; x_wconf 91' lang='lat' dir='ltr'><strong>eripi</strong></span> <span class='ocrx_word' id='word_1_378' title='bbox 670 3942 804 4005; x_wconf 88' lang='lat' dir='ltr'><strong>nollent.</strong></span> <span class='ocrx_word' id='word_1_379' title='bbox 849 3938 912 4020; x_wconf 86' lang='lat' dir='ltr'><strong>Qui</strong></span> <span class='ocrx_word' id='word_1_380' title='bbox 936 3960 1007 4002; x_wconf 92' lang='lat' dir='ltr'><strong>eum</strong></span> <span class='ocrx_word' id='word_1_381' title='bbox 1030 3942 1106 4002; x_wconf 83' lang='lat' dir='ltr'><strong>dare</strong></span> <span class='ocrx_word' id='word_1_382' title='bbox 1129 3960 1196 4002; x_wconf 80' lang='grc' dir='ltr'><strong>ιιιιι</strong></span> <span class='ocrx_word' id='word_1_383' title='bbox 1218 3940 1384 4022; x_wconf 78' lang='lat' dir='ltr'><strong>pecuniam</strong></span> <span class='ocrx_word' id='word_1_384' title='bbox 1406 3956 1456 4003; x_wconf 83' lang='lat' dir='ltr'><strong>re·</strong></span> 
     </span>
     <span class='ocr_line' id='line_1_40' title="bbox 134 4030 1455 4118; baseline -0.002 -21"><span class='ocrx_word' id='word_1_385' title='bbox 134 4042 307 4110; x_wconf 69' lang='lat' dir='ltr'><strong>enarrent,</strong></span> <span class='ocrx_word' id='word_1_386' title='bbox 324 4032 447 4096; x_wconf 87' lang='lat' dir='ltr'><strong>Verres</strong></span> <span class='ocrx_word' id='word_1_387' title='bbox 462 4030 592 4117; x_wconf 85' lang='lat' dir='ltr'><strong>scripsit</strong></span> <span class='ocrx_word' id='word_1_388' title='bbox 606 4033 753 4110; x_wconf 88' lang='lat' dir='ltr'><strong>edictum,</strong></span> <span class='ocrx_word' id='word_1_389' title='bbox 771 4036 858 4118; x_wconf 81' lang='lat' dir='ltr'><strong>qood</strong></span> <span class='ocrx_word' id='word_1_390' title='bbox 878 4032 997 4097; x_wconf 87' lang='lat' dir='ltr'><strong>Cicero</strong></span> <span class='ocrx_word' id='word_1_391' title='bbox 1012 4033 1191 4115; x_wconf 90' lang='lat' dir='ltr'><strong>improbum</strong></span> <span class='ocrx_word' id='word_1_392' title='bbox 1209 4045 1241 4096; x_wconf 92' lang='lat' dir='ltr'><strong>et</strong></span> <span class='ocrx_word' id='word_1_393' title='bbox 1255 4032 1455 4097; x_wconf 81' lang='lat' dir='ltr'><strong>inhumanum</strong></span> 
     </span>
     <span class='ocr_line' id='line_1_41' title="bbox 134 4125 1458 4210; baseline 0.002 -20"><span class='ocrx_word' id='word_1_394' title='bbox 134 4146 203 4190; x_wconf 82' lang='lat' dir='ltr'><strong>erre</strong></span> <span class='ocrx_word' id='word_1_395' title='bbox 217 4125 304 4189; x_wconf 87' lang='lat' dir='ltr'><strong>dicit.</strong></span> <span class='ocrx_word' id='word_1_396' title='bbox 334 4126 449 4210; x_wconf 76' lang='lat' dir='ltr'><strong>Pergit</strong></span> <span class='ocrx_word' id='word_1_397' title='bbox 474 4148 553 4192; x_wconf 87' lang='lat' dir='ltr'><strong>vero</strong></span> <span class='ocrx_word' id='word_1_398' title='bbox 578 4125 697 4191; x_wconf 85' lang='lat' dir='ltr'><strong>Cicero</strong></span> <span class='ocrx_word' id='word_1_399' title='bbox 721 4127 853 4191; x_wconf 86' lang='lat' dir='ltr'><strong>Verrio.</strong></span> <span class='ocrx_word' id='word_1_400' title='bbox 876 4127 907 4190; x_wconf 93' lang='lat'><strong>1.</strong></span> <span class='ocrx_word' id='word_1_401' title='bbox 931 4129 989 4203; x_wconf 86' lang='lat' dir='ltr'><strong>tt,</strong></span> <span class='ocrx_word' id='word_1_402' title='bbox 1015 4129 1089 4191; x_wconf 84' lang='grc'><strong>100.</strong></span> <span class='ocrx_word' id='word_1_403' title='bbox 1112 4127 1160 4190; x_wconf 89' lang='lat' dir='ltr'><strong>his</strong></span> <span class='ocrx_word' id='word_1_404' title='bbox 1184 4127 1289 4191; x_wconf 83' lang='lat' dir='ltr'><strong>verbis</strong></span> <span class='ocrx_word' id='word_1_405' title='bbox 1310 4150 1379 4191; x_wconf 89' lang='lat' dir='ltr'><strong>rem</strong></span> <span class='ocrx_word' id='word_1_406' title='bbox 1402 4148 1458 4192; x_wconf 86' lang='lat' dir='ltr'><strong>ex·</strong></span> 
     </span>
     <span class='ocr_line' id='line_1_42' title="bbox 134 4219 1457 4301; baseline 0.003 -18"><span class='ocrx_word' id='word_1_407' title='bbox 134 4219 271 4301; x_wconf 83' lang='lat' dir='ltr'><strong>pliexre.</strong></span> <span class='ocrx_word' id='word_1_408' title='bbox 294 4222 365 4286; x_wconf 84' lang='lat' dir='ltr'><strong>Istc</strong></span> <span class='ocrx_word' id='word_1_409' title='bbox 386 4223 538 4299; x_wconf 83' lang='lat' dir='ltr'><strong>(Verres)</strong></span> <span class='ocrx_word' id='word_1_410' title='bbox 558 4220 606 4283; x_wconf 82' lang='lat' dir='ltr'><strong>od</strong></span> <span class='ocrx_word' id='word_1_411' title='bbox 623 4221 808 4284; x_wconf 79' lang='lat' dir='ltr'><strong>arbitrium</strong></span> <span class='ocrx_word' id='word_1_412' title='bbox 829 4221 916 4296; x_wconf 83' lang='lat' dir='ltr'><strong>eius,</strong></span> <span class='ocrx_word' id='word_1_413' title='bbox 935 4242 992 4285; x_wconf 84' lang='lat' dir='ltr'><strong>cur</strong></span> <span class='ocrx_word' id='word_1_414' title='bbox 983 4222 1219 4286; x_wconf 79' lang='lat' dir='ltr'><strong>condonaret</strong></span> <span class='ocrx_word' id='word_1_415' title='bbox 1234 4222 1457 4287; x_wconf 74' lang='lat' dir='ltr'><strong>hereditatem</strong></span> 
     </span>
     <span class='ocr_line' id='line_1_43' title="bbox 133 4315 1457 4401; baseline 0.003 -26"><span class='ocrx_word' id='word_1_416' title='bbox 133 4326 286 4397; x_wconf 80' lang='lat' dir='ltr'><strong>ereptam</strong></span> <span class='ocrx_word' id='word_1_417' title='bbox 303 4315 435 4390; x_wconf 81' lang='lat' dir='ltr'><strong>liberis,</strong></span> <span class='ocrx_word' id='word_1_418' title='bbox 461 4336 564 4399; x_wconf 80' lang='lat' dir='ltr'><strong>quam</strong></span> <span class='ocrx_word' id='word_1_419' title='bbox 584 4336 733 4399; x_wconf 80' lang='lat' dir='ltr'><strong>aequum</strong></span> <span class='ocrx_word' id='word_1_420' title='bbox 757 4315 907 4379; x_wconf 85' lang='lat' dir='ltr'><strong>edietum</strong></span> <span class='ocrx_word' id='word_1_421' title='bbox 926 4317 1124 4399; x_wconf 80' lang='lat' dir='ltr'><strong>scripserit,</strong></span> <span class='ocrx_word' id='word_1_422' title='bbox 1153 4336 1300 4401; x_wconf 74' lang='lat' dir='ltr'><strong>quaeso,</strong></span> <span class='ocrx_word' id='word_1_423' title='bbox 1331 4336 1457 4401; x_wconf 77' lang='lat' dir='ltr'><strong>cogno·</strong></span> 
     </span>
    </p>
   </div>
   <div class='ocr_carea' id='block_1_3' title="bbox 134 4405 1457 4494">
    <p class='ocr_par' dir='ltr' id='par_1_4' title="bbox 134 4405 1457 4494">
     <span class='ocr_line' id='line_1_44' title="bbox 134 4405 1457 4494; baseline 0.005 -25"><span class='ocrx_word' id='word_1_424' title='bbox 134 4405 229 4470; x_wconf 62' lang='lat' dir='ltr'><strong>sede.</strong></span> <span class='ocrx_word' id='word_1_425' title='bbox 277 4410 384 4474; x_wconf 81' lang='lat' dir='ltr'><strong>CUM</strong></span> <span class='ocrx_word' id='word_1_426' title='bbox 409 4410 740 4484; x_wconf 79' lang='lat' dir='ltr'><em>INTELLIGAM,</em></span> <span class='ocrx_word' id='word_1_427' title='bbox 775 4412 950 4475; x_wconf 78' lang='lat' dir='ltr'><em>LEGEM</em></span> <span class='ocrx_word' id='word_1_428' title='bbox 978 4412 1298 4476; x_wconf 82' lang='lat' dir='ltr'><em>VOGONIAM-</em></span> <span class='ocrx_word' id='word_1_429' title='bbox 1311 4412 1457 4494; x_wconf 70' lang='lat' dir='ltr'><strong>0Qu1&#39;t</strong></span> 
     </span>
    </p>
   </div>
   <div class='ocr_carea' id='block_1_4' title="bbox 133 4501 1457 4879">
    <p class='ocr_par' dir='ltr' id='par_1_5' title="bbox 133 4501 1457 4879">
     <span class='ocr_line' id='line_1_45' title="bbox 134 4501 1455 4594; baseline 0.002 -32"><span class='ocrx_word' id='word_1_430' title='bbox 134 4518 283 4583; x_wconf 71' lang='lat' dir='ltr'><strong>unquam</strong></span> <span class='ocrx_word' id='word_1_431' title='bbox 304 4502 456 4566; x_wconf 86' lang='lat' dir='ltr'><strong>crederet</strong></span> <span class='ocrx_word' id='word_1_432' title='bbox 479 4506 623 4569; x_wconf 88' lang='lat' dir='ltr'><strong>Verrem</strong></span> <span class='ocrx_word' id='word_1_433' title='bbox 645 4505 828 4567; x_wconf 88' lang='lat' dir='ltr'><strong>mulierum</strong></span> <span class='ocrx_word' id='word_1_434' title='bbox 841 4503 1079 4567; x_wconf 78' lang='lat' dir='ltr'><strong>aduersarium</strong></span> <span class='ocrx_word' id='word_1_435' title='bbox 1090 4501 1356 4594; x_wconf 69' lang='lat' dir='ltr'><strong>futuruml-</strong></span> <span class='ocrx_word' id='word_1_436' title='bbox 1314 4503 1455 4578; x_wconf 83' lang='lat' dir='ltr'><strong>-Dt&#39;c,</strong></span> 
     </span>
     <span class='ocr_line' id='line_1_46' title="bbox 133 4596 1453 4679; baseline 0.005 -25"><span class='ocrx_word' id='word_1_437' title='bbox 133 4612 279 4677; x_wconf 68' lang='lat' dir='ltr'><strong>quaero,</strong></span> <span class='ocrx_word' id='word_1_438' title='bbox 301 4608 427 4662; x_wconf 84' lang='lat' dir='ltr'><strong>cetera.</strong></span> <span class='ocrx_word' id='word_1_439' title='bbox 469 4599 625 4662; x_wconf 80' lang='lat' dir='ltr'><strong>Delectat</strong></span> <span class='ocrx_word' id='word_1_440' title='bbox 647 4598 738 4661; x_wconf 87' lang='lat' dir='ltr'><strong>enim</strong></span> <span class='ocrx_word' id='word_1_441' title='bbox 756 4619 809 4660; x_wconf 85' lang='lat' dir='ltr'><strong>me</strong></span> <span class='ocrx_word' id='word_1_442' title='bbox 826 4596 976 4661; x_wconf 76' lang='lat' dir='ltr'><strong>hominis</strong></span> <span class='ocrx_word' id='word_1_443' title='bbox 989 4598 1164 4679; x_wconf 79' lang='lat' dir='ltr'><strong>grauitas,</strong></span> <span class='ocrx_word' id='word_1_444' title='bbox 1188 4598 1332 4661; x_wconf 81' lang='lat' dir='ltr'><strong>scientio</strong></span> <span class='ocrx_word' id='word_1_445' title='bbox 1352 4597 1453 4673; x_wconf 84' lang='lat' dir='ltr'><strong>irtrr&#39;r,</strong></span> 
     </span>
     <span class='ocr_line' id='line_1_47' title="bbox 134 4684 1457 4775; baseline 0.006 -28"><span class='ocrx_word' id='word_1_446' title='bbox 134 4684 338 4750; x_wconf 64' lang='lat' dir='ltr'><strong>nudorum.</strong></span> <span class='ocrx_word' id='word_1_447' title='bbox 381 4691 465 4771; x_wconf 81' lang='lat' dir='ltr'><strong>QUI</strong></span> <span class='ocrx_word' id='word_1_448' title='bbox 486 4692 548 4755; x_wconf 81' lang='lat' dir='ltr'><strong>Au</strong></span> <span class='ocrx_word' id='word_1_449' title='bbox 570 4694 616 4756; x_wconf 83' lang='lat' dir='ltr'><strong>A.</strong></span> <span class='ocrx_word' id='word_1_450' title='bbox 638 4692 883 4757; x_wconf 80' lang='lat' dir='ltr'><em>POSTUMIO</em></span> <span class='ocrx_word' id='word_1_451' title='bbox 901 4694 946 4775; x_wconf 81' lang='lat' dir='ltr'><strong>O.</strong></span> <span class='ocrx_word' id='word_1_452' title='bbox 968 4690 1142 4757; x_wconf 77' lang='lat' dir='ltr'><em>FULVIO</em></span> <span class='ocrx_word' id='word_1_453' title='bbox 1162 4690 1457 4757; x_wconf 66' lang='lat' dir='ltr'><strong>censemus</strong></span> 
     </span>
     <span class='ocr_line' id='line_1_48' title="bbox 134 4776 1452 4879; baseline 0.002 -32"><span class='ocrx_word' id='word_1_454' title='bbox 134 4776 319 4847; x_wconf 72' lang='lat' dir='ltr'><em>POSWE</em></span> <span class='ocrx_word' id='word_1_455' title='bbox 337 4782 405 4849; x_wconf 75' lang='grc' dir='ltr'><strong>ΕΑ</strong></span> <span class='ocrx_word' id='word_1_456' title='bbox 425 4816 465 4831; x_wconf 90' lang='grc'><strong>·-</strong></span> <span class='ocrx_word' id='word_1_457' title='bbox 487 4785 628 4851; x_wconf 75' lang='lat' dir='ltr'><em>FEOH&#39;</em></span> <span class='ocrx_word' id='word_1_458' title='bbox 645 4784 859 4851; x_wconf 71' lang='lat' dir='ltr'><strong>mcum</strong></span> <span class='ocrx_word' id='word_1_459' title='bbox 901 4785 947 4864; x_wconf 82' lang='lat'><strong>(§.</strong></span> <span class='ocrx_word' id='word_1_460' title='bbox 973 4784 1060 4865; x_wconf 84' lang='grc'><strong>107.)</strong></span> <span class='ocrx_word' id='word_1_461' title='bbox 1103 4782 1452 4879; x_wconf 80' lang='lat' dir='ltr'><strong>d&#39;eet&#39;tseoert&#39;t-</strong></span> 
     </span>
    </p>
   </div>
   <div class='ocr_carea' id='block_1_5' title="bbox 1369 5026 1387 5067">
    <p class='ocr_par' dir='ltr' id='par_1_6' title="bbox 1369 5026 1387 5067">
     <span class='ocr_line' id='line_1_49' title="bbox 1369 5026 1387 5067; baseline 0 0"><span class='ocrx_word' id='word_1_462' title='bbox 1369 5026 1387 5067; x_wconf 64' lang='lat' dir='ltr'><strong>h</strong></span> 
     </span>
    </p>
   </div>
   <div class='ocr_carea' id='block_1_6' title="bbox 0 0 1606 5318">
    <p class='ocr_par' dir='ltr' id='par_1_7' title="bbox 0 0 1606 5318">
     <span class='ocr_line' id='line_1_50' title="bbox 0 0 1606 5318; baseline 0 0"><span class='ocrx_word' id='word_1_463' title='bbox 0 0 1606 5318; x_wconf 95' lang='lat' dir='ltr'><strong> </strong></span> 
     </span>
    </p>
   </div>
  </div>
 </body>
</html>
