3202 5318
130 350 193 415 εει
528 341 679 408 runux
699 288 1051 408 sermonicum.
1437 276 1445 323 ⁸

132 489 205 573 ipso
227 488 359 552 foedere
389 494 532 548 sanetum
562 493 655 566 atque
683 480 912 564 praescriptum
942 493 1007 545 εειι
1041 479 1094 546 Ut
1113 500 1247 544 navem
1268 482 1372 545 dare
1394 503 1458 548 ne·

135 580 336 647 cesserit.
373 579 475 642 Verr.
499 579 620 641 Aecus.
644 577 680 652 5,
705 577 764 650 19,
788 577 841 639 50.

220 674 487 738 Foederatus.
533 669 688 735 Civitates
707 670 1045 735 foederataeduae
1064 663 1332 732 suntmsterlra
1355 666 1458 731 Verr.

138 771 258 833 Aecus.
281 765 320 841 3,
344 765 382 842 6,
408 764 458 828 13.

219 861 378 924 Foedus
400 859 542 923 ferire.
577 879 638 939 pro
660 859 746 923 Rah.
773 858 868 921 Post.
892 856 932 933 3,
956 856 988 918 6.
1027 920 1032 927 ,

219 954 466 1018 Fortunare.
512 954 594 1015 Eum
621 954 776 1016 honorem
798 949 875 1013 tibi
904 951 999 1014 deos
1026 949 1245 1015 fortunare
1276 950 1392 1015 volo.
1422 952 1461 1015 ad

136 1048 306 1123 Fames,
325 1049 356 1110 7.
379 1078 420 1090 ·-
443 1045 536 1110 Tibi
558 1043 848 1128 patrimonium
872 1042 928 1106 dii
948 1043 1176 1107 fortunent.
1200 1045 1240 1105 ad
1255 1043 1351 1106 Fam.
1369 1043 1409 1119 2,
1427 1044 1458 1106 2.

220 1141 378 1205 Forum.
422 1140 467 1204 Iu
488 1140 623 1203 iorum
646 1137 887 1202 convenire.
931 1136 1101 1201 Postulant
1121 1136 1343 1219 palaestritae,
1368 1148 1405 1200 ιιι
1430 1138 1459 1200 in

27 1268 30 1273 ·
136 1255 205 1299 earn
228 1256 294 1300 rem
317 1234 439 1298 iudices
462 1236 576 1297 dentur
601 1233 700 1296 exiis
727 1231 924 1307 ciuitatibus,
959 1250 1040 1315 quae
1069 1231 1104 1294 in
1132 1228 1170 1294 id
1197 1230 1215 1294 t
1220 1251 1337 1295 orum
1368 1252 1459 1294 eon·

29 1408 32 1421 Ι
136 1328 346 1393 venirent.
376 1329 478 1392 Verr.
501 1329 622 1391 Aecus.
642 1328 684 1403 2,
711 1328 767 1401 15,
793 1325 846 1389 38.

220 1424 363 1487 Forum
387 1420 560 1485 eierare.
604 1420 690 1485 Vide
712 1421 896 1484 Eierare.

127 1560 132 1569 ·
221 1518 371 1580 Forum
394 1515 541 1599 populi
565 1515 743 1580 Romani.
788 1515 887 1577 Verr.
909 1515 1029 1577 Aecus.
1052 1515 1089 1588 1,
1113 1511 1172 1587 22,
1197 1513 1251 1577 59.

221 1611 389 1673 Fratres
417 1608 564 1692 populi
596 1608 766 1673 Romani
797 1607 913 1672 Aedui
954 1609 993 1670 ad
1022 1607 1112 1670 Fam.
1142 1608 1180 1682 7,
1209 1609 1268 1685 10,
1303 1608 1461 1672 11,-16

136 1704 209 1767 Au.
235 1696 356 1780 1,'19,
380 1703 413 1765 ε.

223 1795 463 1861 Fraudatio.
507 1797 592 1860 Vide
615 1797 666 1860 Ut
688 1795 794 1858 inter
816 1797 949 1860 bonos
972 1807 1034 1858 oet.

222 1888 376 1955 Fraudi
406 1889 658 1952 esse‘alicui.
693 1891 732 1951 ad
756 1891 826 1952 Att.
851 1893 889 1965 5,
914 1890 972 1965 21,
998 1889 1051 1951 12.
1085 1924 1126 1934 -
1160 1885 1237 1967 Qui
1266 1890 1318 1951 ab
1340 1889 1462 1953 armis

138 1982 414 2048 discesserint
437 1997 472 2047 et
503 1995 569 2046 aut
591 1985 637 2045 ad
660 1981 702 2047 C.
728 1984 893 2047 Pansam
915 1994 983 2046 aut
1003 1984 1049 2046 ad
1071 1984 1114 2046 A.
1138 1981 1319 2046 Hirtium
1344 1982 1461 2050 Coss.

138 2078 205 2141 a'ut
234 2078 279 2138 ad
305 2076 349 2164 D.
381 2078 544 2140 Brutum
576 2075 668 2141 Cos.
698 2078 969 2161 designatum,
1002 2088 1068 2140 aut
1097 2078 1143 2138 od
1170 2074 1212 2140 C.
1243 2073 1463 2141 Caesarem

19 2240 22 2251 Ι
137 2191 209 2254 pro
232 2182 424 2252 praetore
447 2181 536 2234 ante
558 2171 649 2233 Idus
666 2171 836 2233 Martias
859 2170 1009 2252 primas
1032 2169 1222 2245 adierint,
1246 2169 1299 2233 iis
1322 2169 1463 2235 fraudi

142 2264 283 2337 nesit,
307 2266 516 2347 quodcum
539 2265 591 2328 M.
615 2265 799 2328 Antonio
821 2263 992 2329 suerint.
1026 2263 1170 2348 Philipp.
1192 2262 1230 2340 8,
1254 2265 1317 2342 11,
1343 2265 1461 2329 33.-

143 2358 228 2422 Vide
249 2358 418 2421 Multam
440 2370 593 2439 petere.

224 2452 413 2516 Fructus.
456 2450 827 2534 VideManeipium.

160 2528 355 2607 Fundi
375 2545 519 2627 populi
540 2544 640 2608 lacti
663 2556 725 2607 cet.
749 2566 810 2626 pro
834 2545 937 2608 Balbo
960 2544 994 2623 8
1017 2543 1070 2605 21.

222 2637 406 2713 Fundus,
430 2637 496 2722 qui
519 2649 577 2701 est
598 2638 634 2700 in
658 2659 776 2722 agro,
802 2638 1048 2722 quiSabinus
1071 2647 1259 2701 vocatur:
1285 2634 1460 2725 eninego

141 2752 189 2794 ex
208 2730 299 2794 iure
323 2731 543 2812 Quiritium
567 2753 689 2795 meum
712 2753 798 2794 esse
820 2732 894 2795 aio.
941 2730 1038 2794 Inde
1060 2729 1115 2793 ibi
1137 2752 1211 2814 ego
1232 2743 1270 2794 te
1294 2754 1343 2796 en
1374 2735 1460 2798 iure

141 2836 670 2890 manumeonsertumvoco.
694 2846 755 2908 pro
772 2825 909 2887 Murena
926 2824 984 2898 12,
1002 2824 1055 2888 26.
1090 2824 1328 2888 Αᾶεειιιιιίιιει
1353 2827 1461 2891 Unde

141 2929 186 2981 ιιι
208 2939 261 2981 me
284 2939 331 2981 ex
352 2917 440 2981 iure
462 2918 611 2981 manum
635 2930 866 2984 consertum
897 2918 1076 2993 vocasti,
1111 2918 1200 2981 inde
1229 2918 1289 2982 ibi
1319 2941 1399 3004 ego
1426 2933 1459 2983 te

142 3032 306 3076 revoco.
351 3013 509 3079 Praetor:
533 3013 623 3078 Suis
646 3011 832 3095 utrisque
855 3011 1149 3094 superstitibus
1171 3015 1460 3094 praesentibus

142 3104 262 3168 istam
285 3105 518 3173 viamdieo:
556 3106 791 3170 initeviam.
838 3106 983 3169 Redite
1006 3105 1118 3168 viam.
1163 3106 1247 3170 Ibid.

226 3198 362 3261 Funus
392 3199 592 3263 indicitur
622 3200 774 3279 (formula
806 3200 921 3264 Ollus
954 3199 1093 3279 Quiris
1121 3200 1208 3264 leto
1232 3203 1354 3266 datus
1376 3206 1459 3282 est).

143 3294 182 3355 de
203 3293 312 3375 Legg.
336 3293 372 3368 2,
396 3294 453 3368 21,
479 3295 530 3358 61.
572 3296 657 3356 Vide
680 3294 885 3356 Dominus.

229 3386 372 3449 Furem
395 3398 522 3448 noctu
545 3387 667 3451 lieeto
692 3387 893 3461 occidere,
919 3398 955 3449 et
976 3385 1078 3464 luci,
1100 3386 1134 3449 si
1156 3408 1196 3449 se
1219 3387 1306 3451 telo
1329 3389 1462 3453 delen·

144 3480 230 3540 dat:
256 3477 308 3540 lex
335 3478 373 3540 de
394 3480 477 3542 XII.
501 3481 627 3544 tabulis.
651 3503 711 3563 pro
729 3480 838 3545 Tullio
856 3481 909 3543 17.
933 3514 973 3527 -
997 3481 1134 3556 Furem,
1156 3481 1218 3543 hoc
1233 3492 1301 3558 est,
1327 3485 1460 3565 praedo·

143 3591 212 3631 nem
240 3581 271 3633 et
298 3572 453 3636 latronem
482 3574 551 3637 luce
577 3575 680 3638 occidi
703 3585 810 3637 vetant
831 3573 912 3637 XII.
937 3574 1074 3637 tabellae.
1120 3574 1209 3637 Nisi
1231 3595 1272 3636 εε
1296 3578 1383 3641 telo
1405 3578 1458 3638 de·

142 3662 284 3738 iendit,
309 3663 427 3747 inquit,
456 3667 548 3730 etiam
577 3668 604 3732 si
630 3690 698 3731 eum
723 3670 788 3731 telo
812 3667 952 3744 venerit,
987 3668 1046 3731 nisi
1069 3678 1175 3731 utetur
1196 3668 1263 3733 telo
1289 3692 1331 3735 eo
1356 3693 1396 3735 ac
1414 3690 1461 3732 re·

142 3757 318 3841 pugnabit:
354 3781 431 3824 oon
455 3761 634 3825 occides.
680 3762 847 3842 Quodsi
869 3761 969 3842 (cod.
993 3762 1161 3842 Quossi)
1183 3763 1460 3848 repugnassit,

144 3852 434 3934 endoplorato,
460 3857 524 3918 hoc
547 3867 614 3931 est,
638 3857 855 3931 conclamato,
879 3867 913 3918 ut
938 3855 1033 3938 aliqui
1056 3855 1181 3918 erudiant
1202 3868 1233 3919 et
1256 3858 1462 3922 conveniant.

143 3941 229 4006 Ibid.
262 3946 324 4008 50.·
348 3981 395 3993 -,
419 3949 501 4012 XII.
524 3951 649 4013 tabulae
678 3962 865 4012 nocturnum
893 3949 994 4012 frtrem
1018 3971 1149 4034 quoquo
1176 3953 1294 4029 modo,
1320 3953 1462 4017 diurnum

144 4046 266 4112 autem,
291 4039 316 4102 si
339 4062 373 4103 se
399 4042 463 4105 telo
487 4043 685 4120 defenderet,
710 4044 843 4108 interfici
859 4044 985 4125 impune
1002 4046 1183 4108 voluerunt.
1207 4066 1268 4127 pro
1285 4047 1366 4112 Mil.
1383 4047 1415 4124 3,
1432 4047 1462 4111 9.

229 4132 351 4196 Furti
373 4134 494 4199 actio.
539 4137 623 4199 Vide
647 4138 733 4220 Ope
756 4137 1012 4222 consilioque
1040 4149 1122 4202 tuo.

228 4226 350 4290 Furti
372 4248 503 4312 agere
527 4231 566 4290 ad
587 4230 679 4293 Fam
705 4234 741 4307 7,
766 4232 819 4294 22.

227 4318 346 4381 Furti
369 4322 503 4404 aliquem
527 4333 671 4385 notant
693 4346 854 4388 censores.
877 4346 944 4406 pro
968 4324 1118 4390 Cluentio
1142 4325 1201 4400 12,
1227 4324 1304 4389 119.

227 4411 416 4476 Gentiles
439 4425 529 4490 sunt,
552 4415 635 4478 inter
654 4438 687 4479 se
708 4419 760 4500 qui
783 4422 893 4482 eodem
916 4419 1044 4484 nornine
1066 4430 1153 4492 sunt;
1169 4417 1232 4524 ‘qui
1254 4420 1328 4482 ab
1319 4419 1463 4507 ingenuis

144 4499 268 4567 oriundi
290 4517 382 4580 sunt;
416 4528 551 4592 quorum
579 4510 731 4575 maiorum
758 4534 849 4577 nemo
880 4513 1065 4578 servitutem
1092 4511 1243 4589 servivit,
1280 4515 1338 4598 qui
1362 4513 1463 4599 capite

143 4611 207 4656 non
233 4608 305 4659 sunt
329 4599 493 4663 deminuti.
538 4603 656 4707 Topie.
681 4606 720 4681 6,
745 4608 797 4671 29.

225 4689 484 4755 Gentilitatis
507 4714 550 4756 ae
570 4696 716 4779 stirpis
736 4699 813 4766 ius.
850 4704 888 4764 de
911 4701 972 4767 Or.
997 4703 1033 4779 1,
1058 4703 1118 4779 39,
1143 4705 1218 4768 176.

233 4779 361 4846 Gleba
382 4785 419 4848 in
442 4807 485 4849 os
508 4790 655 4852 mortui
676 4791 839 4857 iniecta.
884 4794 1076 4881 Priusquam
1102 4797 1134 4861 in
1160 4819 1197 4864 os
1226 4799 1341 4865 iniecta
1369 4797 1461 4887 gleba
