3202 5318
566 336 996 414 anteco-miuus.
1395 347 1457 415 Μ
1479 416 1482 423 ,

136 488 259 553 rnllsua
283 487 514 572 φαλάκρωμα,
539 497 573 550 ut
593 487 727 569 putas.'’
771 489 808 550 asl
835 491 907 552 Au.
934 488 1088 564 xlv.2,
1120 487 1153 550 2.
1205 489 1336 568 „naun
1357 488 1457 571 igitur

137 583 370 667 σαλᾰκρωμα,
396 580 639 644 inimicissimum
664 581 740 656 otii,
763 581 794 644 id
816 593 883 657 est,
913 580 1047 646 Brutl.'’
1090 584 1129 644 ad
1149 581 1221 647 Au.
1247 583 1348 647 xlv.
1375 583 1407 658 2,
1421 582 1455 647 3.

135 678 171 742 la
195 678 383 761 posteriore
399 676 474 741 loco
493 676 706 762 φαλάκρωμα
726 696 796 738 esse
816 675 919 759 ipsusn
941 675 1098 752 Matisun,
1123 698 1215 760 quesn
1235 670 1371 759 propter
1395 677 1459 739 cal·
1591 726 1600 734 .

135 771 244 836 sitient
268 772 310 835 ita
336 771 496 852 appellat,
530 771 624 834 liseile
649 769 849 854 intelligitur.
891 769 1064 852 inpriore
1088 783 1192 834 antem
1217 793 1280 836 non
1299 771 1342 833 ita
1365 770 1457 834 laeile

135 877 244 947 patere
274 865 325 928 rel
352 868 520 929 doctorum
550 866 589 945 sle
615 885 652 927 ea
680 885 715 926 re
741 864 968 945 disputationes
1002 867 1233 928 demonstrant.
1284 863 1393 928 Attuli
1419 866 1458 926 nt

134 959 230 1026 ussit
253 959 433 1030 calvitiem,
457 958 483 1022 si
505 979 582 1022 vera
604 970 652 1022 est
672 958 790 1032 lectio,
815 959 855 1020 de
869 978 934 1040 qsro
949 979 1013 1022 non
1029 957 1160 1034 dubito,
1186 957 1380 1022 manifestum
1396 971 1456 1021 est.

134 1055 262 1119 Atticus
294 1053 485 1137 scripserat,
520 1055 606 1133 apud
631 1074 702 1115 eoin
729 1047 942 1139 φαλάκρωμα
968 1051 1060 1126 lore3
1093 1051 1125 1115 isl
1157 1066 1252 1138 negat
1278 1072 1312 1114 se
1340 1051 1457 1117 Cicero

135 1147 334 1230 repperisse.
379 1148 432 1210 Ex
456 1167 522 1230 quo
543 1147 735 1231 intelligitur
757 1168 821 1210 non
842 1167 911 1209 esse
932 1145 1100 1209 calvitiem
1121 1146 1156 1208 h.
1181 1147 1203 1208 l.
1226 1148 1456 1233 φαλᾶκσωμα,

137 1251 168 1305 ct
188 1240 256 1304 ludi
280 1241 486 1327 ambiguitate
509 1241 612 1303 verbi.
658 1241 767 1305 Porro
790 1241 898 1322 paullo
918 1252 993 1322 post
1015 1238 1090 1303 elicit
1113 1236 1340 1326 φαλάκρσμα,
1370 1245 1403 1305 h.
1426 1264 1456 1305 e.

138 1332 299 1409 Matium,
324 1357 394 1398 esse
416 1335 592 1399 inimicum
605 1335 681 1398 otii.
706 1335 759 1398 Ex
781 1356 845 1418 quo
868 1335 989 1418 colligo
1013 1337 1154 1398 Atticum
1174 1336 1360 1418 scripsisse,
1384 1337 1460 1401 Ma-

138 1429 213 1491 titun
235 1428 326 1513 pacis
348 1428 468 1513 otiique
490 1431 622 1491 arnieusu
645 1441 674 1491 et
693 1427 868 1494 studiosum
885 1422 975 1492 lore.¹
995 1429 1098 1493 Recte
1119 1429 1216 1511 igitur
1237 1433 1369 1493 melitem
1391 1456 1459 1512 φα-
1587 1490 1590 1495 .

140 1522 300 1609 λαιρωμα
315 1522 563 1604 interpretentur
581 1523 679 1605 pacis
701 1523 828 1606 otiique
849 1523 1012 1588 studium.
1036 1520 1210 1588 Celtarum
1229 1523 1331 1606 capita
1347 1524 1458 1589 similia

138 1619 233 1682 coelo
259 1638 376 1681 sereno
402 1627 433 1679 et
462 1617 648 1699 tranquillo.
693 1617 786 1680 Unde
808 1619 891 1698 apusl
915 1617 1041 1680 saidam
1064 1628 1113 1681 est
1134 1625 1386 1705 φαλακρωιερσς
1407 1623 1459 1685 εὖ·

139 1716 225 1788 δίας,
259 1713 349 1795 quod
377 1711 437 1773 iam
465 1732 483 1772 e
512 1710 813 1775 Pseudo-Demetrii
841 1711 988 1774 Phalerei
1015 1712 1122 1776 libello
1146 1715 1185 1776 ile
1206 1714 1387 1778 elocutione
1410 1725 1458 1776 at·

138 1806 206 1869 trlit
241 1805 370 1869 Bosius.
427 1806 512 1867 Hinc
540 1801 752 1890 φαλάκρωμα
781 1825 843 1886 pro
872 1804 1118 1888 tranquillitate,
1154 1809 1223 1870 otio
1250 1808 1309 1870 diei
1339 1806 1457 1890 potuit.

138 1899 163 1963 1.
186 1900 248 1964 Fr.
274 1898 437 1962 Gronovii
459 1905 699 1983 autemsaepe
722 1919 784 1962 nou
808 1898 923 1980 placet.
975 1898 1185 1963 Manifestum
1209 1901 1291 1963 euim
1313 1913 1378 1976 est,
1403 1899 1459 1966 Ci-

139 2013 288 2058 murm
311 2005 343 2055 et
357 1993 498 2057 Atticum
515 2014 576 2074 pro
592 2014 682 2057 more
697 2013 756 2055 suo
771 1991 802 2055 in
818 1993 912 2057 illatii
928 1993 1056 2056 calvitie
1072 1994 1179 2056 ludere
1196 1995 1347 2059 voluisse.
1371 1996 1456 2058 Eue.

220 2084 451 2173 Φαλαρισμός,
460 2086 656 2152 Phalaridis
667 2086 828 2160 imitatio,
840 2088 997 2151 saevitia.
1011 2091 1109 2169 „Nam
1119 2088 1210 2151 istum
1221 2088 1358 2173 quidem,
1370 2089 1457 2152 euius

140 2182 358 2267 ςαλαρισμὸν
373 2183 474 2254 times,
494 2181 598 2245 aurinia
616 2182 778 2245 teterrime
792 2181 951 2244 facturum
967 2181 1082 2263 puto.''
1105 2184 1144 2243 ael
1159 2185 1227 2247 Att.
1248 2185 1331 2247 Vll.
1349 2184 1406 2257 12,
1424 2184 1455 2247 2.

220 2280 417 2352 humata,
439 2275 566 2351 visum,
590 2274 693 2347 citior
715 2288 761 2338 est
784 2276 907 2357 speeies
925 2277 972 2339 rei
992 2296 1208 2360 quiaeesuuque
1230 2275 1261 2338 in
1284 2276 1388 2343 auimo
1409 2277 1458 2340 in-

137 2368 289 2434 formata.
336 2369 518 2451 „Fiteuiiu
542 2369 743 2453 nescioqui,
780 2382 811 2431 nt
834 2369 921 2452 quasi
943 2389 1051 2433 coram
1075 2372 1186 2432 adesse
1208 2370 1356 2444 videare,
1387 2392 1457 2435 eum
1575 2402 1582 2406 ·

137 2466 248 2529 teribo
270 2464 394 2548 aliqolsl
414 2467 452 2527 ael
475 2477 527 2526 tc:
560 2485 663 2547 neqtte
686 2465 715 2525 isl
737 2466 807 2528 κατ’
834 2459 975 2529 εἰδώλων
1001 2476 1203 2545 φαντασίας,
1232 2478 1265 2527 ut
1287 2466 1392 2529 diettut
1414 2465 1458 2529 tui

137 2559 228 2623 auiti
248 2558 350 2637 novi,
374 2558 429 2643 qui
450 2567 564 2640 putant
587 2558 680 2620 etiarn
707 2558 915 2639 διανοητικιὶς
935 2570 1124 2641 φαντασίας
1151 2558 1285 2639 spectris
1320 2558 1458 2624 Catianis
1515 2642 1522 2647 ·

136 2653 312 2717 excitari.”
358 2654 397 2715 ael
420 2653 511 2715 Fam.
535 2653 614 2717 XV.
638 2653 695 2727 16,
720 2656 750 2714 1.
795 2650 896 2719 Conl'.
919 2656 1051 2719 atrata
1074 2663 1105 2714 et
1133 2655 1348 2731 Διανσητικαλ
1373 2680 1458 2736 φαν-

135 2761 264 2815 τασίαι.
292 2783 337 2794 -
389 2747 468 2820 ,De
497 2747 641 2809 sensibus
673 2745 750 2827 ipsis
779 2749 930 2830 qttaedam
964 2747 1044 2810 dixit
1070 2768 1154 2812 nova
1186 2750 1342 2826 (Zeno):
1376 2768 1458 2835 qttos

134 2854 272 2925 punctos
294 2863 365 2906 esse
384 2841 504 2904 censerit
521 2840 764 2926 quadrus-quasi
788 2842 976 2923 impulsione
1000 2842 1105 2906 oblata
1126 2842 1341 2907 extrinsecusr
1365 2865 1457 2926 φησι

133 2936 185 3000 ille
217 2948 429 3018 φαντασίαν,
467 2957 526 2999 uos
549 2934 658 2996 visum
683 2935 878 3016 appellemus
902 2935 1016 2998 lieet.''
1066 2936 1171 2998 Aeso.
1196 2937 1224 2999 l.
1250 2940 1309 3011 11,
1341 2937 1393 2999 10.
1416 2966 1456 2981 -·

136 3031 194 3110 „st
228 3032 306 3093 illud
336 3043 438 3103 essct,
475 3031 557 3091 sicut
583 3029 674 3093 Zeno
697 3028 862 3102 deliniret,
899 3030 960 3092 tale
983 3030 1083 3093 visum
1106 3030 1186 3108 (issu
1209 3030 1291 3094 enisu
1315 3032 1376 3093 hoc
1396 3052 1456 3113 pro

134 3136 308 3206 φαντασίᾳ
335 3127 467 3187 verboru
493 3123 569 3187 satis
596 3126 745 3186 hesterno
768 3145 914 3187 sermone
937 3122 1124 3203 trivimus),
1150 3125 1250 3188 visunt
1278 3125 1376 3211 igitur
1399 3126 1457 3188 iu-

132 3239 280 3301 pressum
312 3218 518 3302 effictumque
548 3239 588 3279 ex
616 3220 884 3294 reuiuisceret,
924 3217 1017 3302 quale
1043 3240 1198 3282 essenon
1224 3231 1457 3302 possetexeo
1505 3260 1511 3271 ι

135 3315 218 3376 ude
241 3333 305 3376 non
329 3312 447 3375 esset.’'
492 3313 594 3375 Aeed.
619 3311 667 3375 ll.
691 3312 728 3386 6,
754 3313 805 3374 18.

223 3411 383 3482 Φθονιῖν,
415 3405 578 3469 inuidere.
635 3407 710 3485 ,Τὸ
742 3410 883 3490 repensis·
910 3405 1040 3469 interest
1072 3411 1130 3473 rori
1159 3408 1338 3489 φθονεῖν,”
1368 3409 1457 3473 indi-

138 3503 261 3586 gnatio
281 3499 418 3591 differt
438 3501 482 3562 ab
504 3499 646 3563 inuidia.
691 3501 729 3561 ad
755 3502 825 3563 Att.
850 3502 895 3563 V.
922 3501 975 3576 19,
998 3501 1030 3563 3.

224 3600 396 3661 Φιλαίτιον
418 3595 594 3681 συμφορά,
620 3597 843 3678 querulam
869 3596 1061 3658 calamitas.
1106 3594 1203 3677 „Scis
1225 3618 1317 3680 quam
1340 3597 1381 3660 sit
1403 3623 1459 3679 φι-

143 3696 267 3757 λαίτιον
288 3690 485 3776 συμφορά.”
530 3691 569 3751 ad
590 3690 662 3752 Ate.
686 3689 769 3753 ΧΠ.
789 3689 847 3764 ll,
872 3691 904 3752 2.

224 3790 411 3860 Φιλαίτιος,
435 3783 621 3847 accurandi
642 3794 675 3846 et
697 3784 861 3867 querendi
883 3784 1041 3868 cupidus.
1086 3785 1148 3867 „Si
1169 3797 1271 3850 autern
1294 3797 1403 3848 nature
1424 3805 1458 3847 es

144 3878 336 3958 ςιλαίτισς”
369 3890 433 3940 eet.
488 3880 526 3940 ad
549 3877 641 3940 Fern.
665 3877 728 3941 ΙΙΙ.
755 3882 792 3952 l,
828 3879 860 3940 6.
889 3910 929 3921 -
985 3881 1124 3964 „Neque
1154 3882 1357 3944 'staberoneiu
1379 3880 1458 3943 rolo

142 3972 320 4038 ellendere.
365 3972 507 4036 Mirifice
530 3984 578 4034 est
598 3972 679 4034 euim
700 3978 872 4053 palatuar.
884 3976 902 4000 ”
946 3975 985 4035 ad
1008 3976 1079 4037 Art.
1103 3973 1205 4037 Xlll.
1229 3975 1286 4049 20,
1320 3974 1353 4036 2.
1471 4011 1476 4023 =

224 4068 433 4146 Φιλαλήθως,
460 4066 627 4149 ingenue,
657 4065 773 4128 libere.
820 4068 917 4147 „Hac
938 4070 976 4130 ‹le
999 4089 1033 4130 re
1055 4069 1244 4149 φιλαλήθως
1266 4077 1314 4144 et,
1348 4076 1381 4128 ut
1402 4086 1457 4130 so·

145 4160 201 4239 les,
226 4164 335 4226 scribe
356 4163 509 4226 fraterne.
519 4160 537 4184 '¹
582 4163 622 4222 ael
645 4160 688 4240 Q.
711 4159 754 4223 le.
778 4160 825 4225 lt.
852 4163 908 4235 16,
935 4164 968 4226 5.

219 4262 398 4330 testantia,
420 4277 520 4319 atuor
545 4256 601 4318 sui
619 4254 741 4336 ipsias.
788 4255 906 4334 „Libri
931 4256 1056 4339 quidem
1083 4257 1124 4320 ita
1149 4254 1312 4331 exierunt,
1336 4254 1458 4318 -nisi

148 4347 223 4416 lsrte
245 4374 296 4415 suc
319 4348 496 4415 coruinunis
520 4356 679 4430 φιλαυτία
702 4348 818 4430 ‹lecipit
833 4384 873 4396 -
889 4361 923 4411 ut
938 4350 967 4412 iu
991 4351 1045 4413 tali
1065 4372 1184 4435 genere
1200 4372 1239 4413 ue
1252 4352 1334 4432 apud
1357 4350 1458 4412 Grae-

151 4462 194 4508 tos
214 4447 343 4531 quidem
366 4444 465 4506 simile
489 4441 693 4527 quidquatn.”
717 4445 756 4505 sel
778 4449 848 4507 Att.
874 4445 976 4508 Xlll.
1002 4446 1059 4519 13,
1088 4450 1118 4506 1.

89 4564 95 4596 .·
221 4545 428 4617 terminare,
461 4540 675 4602 Graecorum
707 4550 876 4602 amantes.
934 4539 1093 4610 „Praeter
1121 4548 1247 4602 eeteros
1274 4545 1458 4620 φιλέλληνες

89 4662 94 4692 ι
157 4642 299 4698 twinus
323 4647 354 4697 et
377 4631 571 4694 hebernur.''
617 4632 944 4704 atArt.1.15‚t.

226 4729 432 4806 Φιλένδσξσς,
461 4725 683 4804 ambitiosus,
706 4738 843 4792 amator
866 4725 1053 4789 illustrium
1076 4725 1241 4794 virorum.
1284 4730 1351 4812 „ln
1374 4731 1459 4794 Var-
