3202 5318
508 320 937 397 GRAECO-Latmos
1346 325 1386 389 17

57 470 161 524 autem
185 470 235 523 est
257 482 315 535 ea,
342 482 434 547 quam
451 461 586 548 intelligi
608 470 801 544 ζηλοτυπίαν
825 467 925 543 volo,
961 464 1132 550 aegritudo
1153 487 1195 535 ex
1216 487 1274 542 eo,
1299 468 1390 551 quod

57 557 138 618 alter
161 576 293 640 qttoque
315 555 464 637 potiatur
482 577 539 633 eo,
565 561 652 639 qtrod
674 559 741 641 ipse
763 559 1044 642 concupiverit.''·
1071 562 1170 627 Tuae.
1193 559 1314 637 lv.⁴8‚
1334 562 1388 625 18.

140 652 419 735 Ζιιλοιυποῦμαι,
452 650 537 715 milri
558 651 743 716 tusiacum
795 654 908 735 „Illud
934 674 1014 719 vero
1040 652 1148 735 utique
1170 650 1252 717 scire
1274 656 1387 739 cupio,

56 764 152 829 quem
181 743 382 808 intellexeris
409 747 449 808 ab
483 765 523 808 eo
551 752 803 826 ζηλοτυπεῑσθαι
834 747 927 827 (scil.
956 751 1050 832 ¹quod
1077 748 1108 811 in
1132 746 1207 811 rueis
1228 748 1318 813 libris
1342 751 1390 815 lo-

56 859 158 925 quens
180 838 389 919 inducatur),
414 837 473 904 nisi
495 839 783 906 forte.Brutuu1.''
828 844 866 906 ad
888 844 960 907 Ass.
982 843 1084 908 Xlll.
1109 843 1167 917 13,
1194 847 1226 905 1.
1302 904 1308 912 ,

140 934 291 1017 Ζήτημα.
338 986 354 1016 ‚‚
367 935 447 1010 Sed,
483 935 631 1017 quoniam
662 936 894 1000 Grammaticus
918 958 970 1010 es,
1004 937 1032 999 si
1060 939 1124 999 hoc
1158 935 1233 1001 mihi
1267 937 1389 1024 ζήτημα

61 1026 280 1108 persolveris,
311 1048 426 1112 magua
449 1050 498 1090 me
521 1027 667 1092 molestia
689 1028 877 1092 liberaris.'’
933 1032 973 1092 ad
993 1034 1066 1094 Au.
1091 1031 1175 1094 vtl.
1200 1033 1242 1109 8,
1272 1035 1326 1095 10.
1349 1066 1390 1080 -

59 1121 115 1194 ,A
144 1120 358 1207 quibuscum
382 1120 530 1201 discessi,
554 1121 795 1187 etsiusinisuuur
819 1123 893 1187 mihi
915 1135 963 1187 est
984 1124 1016 1189 iu
1037 1146 1157 1201 coena,
1182 1161 1223 1175 -
1246 1128 1334 1211 quod
1356 1135 1392 1195 tu
1454 1120 1457 1133 ¹

58 1236 155 1276 unitur
186 1216 310 1300 guitum
333 1215 433 1280 Dioni
463 1216 659 1299 philosopho
681 1216 817 1298 posuisti
839 1250 881 1262 -·
902 1229 1006 1281 tamen
1028 1217 1104 1303 quid
1126 1218 1234 1301 potius
1254 1217 1388 1299 faciam,

57 1307 247 1395 psisuqnau
270 1333 320 1374 me
344 1312 515 1376 dormitum
538 1311 722 1386 conseram,
746 1331 810 1375 uon
832 1310 1005 1396 reperio.”
1027 1316 1066 1376 ad
1088 1313 1181 1376 Fau.
1196 1314 1262 1377 IX.
1280 1313 1331 1387 28,
1357 1315 1390 1376 1.

143 1405 337 1484 Ζυδιακός,
367 1406 461 1471 orbis
481 1402 661 1497 signifer,
690 1405 870 1471 zodiacus.
915 1453 930 1480 „
938 1406 1015 1470 Vim
1038 1409 1194 1489 qtraudaru
1217 1429 1286 1471 esse
1302 1407 1392 1483 aittut

58 1498 216 1585 signifero
249 1499 281 1563 iu
316 1502 420 1577 orbe,
462 1499 518 1582 qtti
555 1503 680 1564 Graece
716 1500 872 1578 ζωδιακός
906 1498 1065 1566 dicitur.”
1121 1503 1160 1566 de
1194 1501 1305 1567 Divin-
1339 1500 1389 1566 ll.

58 1593 115 1671 12,
144 1592 201 1657 89.

138 1688 260 1767 Ζόσης
289 1692 415 1770 φωνῆς,
443 1688 538 1750 uiuae
561 1688 665 1751 uocis.
710 1689 845 1774 integer
868 1689 958 1752 locus
980 1688 1023 1752 ita
1045 1689 1291 1772 concipiendusz
1314 1683 1390 1771 Zu'ss

58 1810 110 1865 σης
141 1788 256 1867 φωνῆς
279 1795 398 1869 μείζων
428 1783 576 1870 ἐνέργειά
602 1793 691 1848 ἐστιν
717 1787 738 1863 ἤ
762 1785 907 1866 ἀφώνων
933 1785 1159 1861 διδασκάλων,
1180 1786 1276 1861 vidue
1297 1785 1390 1851 nocie

58 1878 169 1942 uanior
189 1887 244 1941 eat
265 1877 316 1941 uis
337 1889 372 1943 ct
393 1875 596 1968 efficacitas
617 1899 722 1965 quam
742 1890 919 1942 mutorum
941 1877 1135 1943 doctorum.
1189 1879 1279 1954 ,Uti
1296 1893 1388 1955 sunt,

58 1971 105 2057 qui
128 1970 220 2036 aiunt
239 1971 344 2054 <ulcus
370 1970 507 2054 φωνῆς2
550 1971 681 2050 Quanto
710 1971 811 2056 tnagis
836 1970 901 2035 vidi
923 1992 964 2035 cx
986 1971 1048 2036 tuis
1068 1971 1199 2050 litteris,
1232 1995 1326 2060 quatu
1348 1994 1390 2037 ex

58 2064 135 2130 illius
157 2086 328 2144 sumone,
354 2066 431 2149 quiid
452 2065 652 2151 ageretur!'’
698 2067 737 2128 ad
759 2069 829 2132 Au.
857 2066 906 2132 11.
931 2065 990 2142 12,
1018 2066 1050 2130 2.

691 2197 788 2327 Η(

134 2443 379 2531 Ἠγεμονικόν,
405 2442 637 2529 principatus.
683 2444 743 2516 „In
771 2445 924 2508 arborum
948 2454 1051 2508 autem
1074 2456 1108 2508 et
1129 2466 1237 2509 earum
1260 2466 1388 2522 rerutu,
1417 2457 1423 2464 “

60 2560 135 2625 quae
158 2542 338 2647 giqutntur
360 2559 378 2601 e
401 2549 505 2614 terra,
536 2537 698 2613 radicibus
721 2537 824 2602 inesse
846 2535 1043 2621 principatus
1070 2548 1212 2620 putatur.
1266 2537 1391 2604 Princi-

59 2645 164 2716 patum
185 2642 301 2697 tutem
329 2631 365 2696 id
390 2632 483 2707 dico,
513 2634 602 2718 quod
632 2631 751 2698 Graeci
777 2631 972 2716 ἡγεμονικόν
997 2640 1138 2707 vocant,
1171 2653 1236 2714 quo
1258 2633 1389 2699 nihilist

60 2749 187 2815 quoqm
209 2748 330 2815 genere
353 2748 414 2792 ncc
434 2737 543 2810 potest
565 2747 625 2790 uec
646 2728 742 2789 debet
765 2746 835 2789 esse
853 2726 1081 2808 praestantius.
1092 2724 1111 2753 '’
1135 2729 1173 2813 de
1189 2727 1266 2793 Nat.
1282 2727 1389 2802 Deor.

61 2821 101 2889 ll.
137 2826 195 2901 11,
227 2822 282 2888 29.
311 2856 350 2867 -
408 2820 461 2885 Sic
491 2819 524 2882 in
551 2818 681 2885 hdminc
707 2818 792 2886 ratio
815 2832 863 2883 est
886 2819 923 2886 τὸ
946 2821 1161 2905 imitaremini,
1191 2823 1277 2906 quod
1299 2820 1390 2906 quasi

62 2917 272 3003 principatum
294 2910 327 2980 in
349 2914 477 2979 homine
500 2913 637 2979 obtinet.
662 2915 700 2978 Iu
717 2913 867 2980 universo
886 2925 990 2978 autem
1012 2918 1109 2991 deus,
1134 2928 1250 2979 auctor
1269 2916 1388 2981 tutundi.

64 3012 160 3076 Stoici
197 3010 245 3075 sic
282 3010 485 3093 appellabant
522 3018 689 3087 naturam,
731 3031 813 3094 quac
854 3009 1036 3075 uuiversum
1073 3010 1215 3076 corstinet
1249 3011 1389 3095 illudque

64 3117 175 3171 tuctur.
222 3107 309 3170 Eun·-

135 3204 192 3266 ‘H
214 3201 298 3285 δεῦρ’
331 3199 408 3275 ὁδός
429 3226 484 3264 σοι
500 3213 529 3263 τί
551 3200 689 3265 δύναται
712 3206 785 3274 νῦν,
809 3201 992 3285 necandam
1014 3203 1086 3266 lter
1107 3202 1172 3264 lucc
1193 3211 1390 3282 susceptum

66 3294 200 3358 uiridi
222 3295 303 3357 usui
325 3304 507 3371 conceal,
542 3314 609 3376 age
632 3295 686 3356 dic
709 3307 816 3358 vates.
861 3297 901 3357 ad
924 3298 993 3358 Au.
1017 3295 1101 3357 XV.
1126 3299 1186 3369 11,
1212 3296 1244 3357 d.
1287 3294 1388 3358 XVI.

10 3390 12 3425 ³
67 3390 95 3464 6,
118 3390 152 3453 2.
199 3388 351 3452 Securius
373 3391 492 3470 politae
514 3388 632 3452 veteris
655 3389 763 3453 nescio
786 3389 888 3452 cuius.
933 3389 1151 3453 Valckenario
1174 3391 1221 3452 V.
1242 3388 1390 3454 C.vide·

10 3514 14 3535 ·
66 3496 109 3546 tur
132 3504 204 3547 esse
230 3484 415 3566 Sophoclis.
458 3483 603 3549 Diatribe
626 3485 665 3545 dc
687 3486 821 3570 Fragm.
846 3483 963 3565 Eurip.
986 3505 1022 3564 p.
1047 3484 1120 3547 192.
1163 3485 1246 3548 Esau.

138 3579 283 3658 Ἡδονή,
307 3581 483 3663 uoluptas,
509 3577 584 3640 item
600 3578 752 3654 laetitia,
778 3578 869 3661 quasi
893 3577 1057 3660 gestientis
1087 3576 1182 3641 animi
1210 3576 1307 3641 elatio
1330 3595 1389 3637 vo·

67 3673 209 3757 luntas-ia.
262 3674 434 3752 ,Ἡδονήν
463 3683 496 3735 et
523 3675 710 3759 ἀταραξίαν
734 3671 867 3745 virtute,
902 3671 1038 3745 iustitia,
1074 3677 1117 3754 τῷ
1143 3675 1234 3752 καλῷ
1257 3668 1388 3753 parari,

67 3779 91 3828 et
112 3789 226 3832 rernm
249 3779 282 3830 et
303 3766 475 3850 probabile
498 3769 588 3831 est.’'
633 3770 671 3830 ad
694 3767 785 3830 Fam.
809 3767 891 3830 XV.
914 3767 973 3842 19,
1010 3766 1042 3829 2.
1067 3803 1106 3812 -
1157 3768 1305 3841 ,Pausa,
1336 3760 1391 3845 qui

68 3864 178 3942 ἡδονὴν
204 3860 367 3945 sequitur,
400 3862 549 3924 virtutem
574 3861 701 3925 retinet.
712 3860 729 3887 ”
781 3861 866 3923 Ibid.
891 3860 923 3923 3.
953 3894 995 3905 -
1051 3862 1199 3942 „Omnes
1220 3859 1390 3922 iucundum

67 3970 197 4032 notum,
223 3976 290 4041 quo
313 3978 424 4019 seusus
447 3955 620 4031 hilaretur,
653 3957 776 4019 Graece
799 3954 935 4036 ἡδονήν,
960 3955 1077 4018 Latine
1099 3959 1309 4038 uoluptatem
1331 3972 1391 4017 vo·

68 4052 173 4116 rant.''
221 4052 259 4113 de
282 4051 379 4114 Fiun.
404 4051 453 4114 ll.
477 4050 517 4126 3,
541 4051 574 4114 8.
598 4087 639 4096 —
688 4051 826 4136 ,Egone
850 4072 914 4113 non
936 4048 1101 4134 intelligo,
1131 4048 1206 4134 quid
1227 4048 1270 4110 sit
1290 4045 1390 4127 ἦδονῆ

68 4145 206 4223 Graece,
241 4145 356 4209 Latine
379 4145 590 4229 voluptas52”
640 4147 679 4207 de
703 4145 798 4208 Piuu.
823 4145 869 4209 ll.
896 4147 934 4219 1,
972 4145 1026 4207 12.
1050 4179 1090 4190 -
1136 4145 1204 4218 ,Ut
1231 4141 1312 4205 scias
1341 4160 1390 4202 me

68 4239 257 4326 intelligere,
289 4240 427 4322 primum
456 4240 537 4303 idern
568 4261 638 4302 esso
668 4238 739 4303 dico
768 4241 993 4322 voluptatem,
1029 4241 1115 4320 quod
1145 4238 1199 4299 ille
1232 4231 1389 4316 ἡδονήν.”

69 4335 352 4410 ufinu.11.t,
380 4335 431 4398 13.
450 4367 488 4377 -
535 4334 686 4408 ,Nullum
709 4335 883 4414 (verbum)
906 4332 1041 4395 inveniri
1062 4343 1192 4415 potest,
1223 4335 1390 4413 quodnu-

71 4428 105 4503 εἰς
131 4430 218 4492 idem
251 4429 392 4492 declaret
424 4427 554 4503 Latine,
586 4431 674 4513 quod
701 4431 825 4492 Graeco
847 4428 968 4506 ἡδονή,
1002 4449 1094 4512 quam
1126 4425 1265 4488 declarat
1295 4427 1391 4490 volu·

71 4528 178 4600 μω
223 4524 310 4588 lbid.
341 4560 380 4569 -
436 4523 565 4603 „Quam
599 4521 700 4586 Stoici
729 4523 886 4587 cummuni
919 4521 1045 4585 nomine
1068 4518 1218 4604 corporis
1240 4531 1271 4582 ct
1293 4519 1390 4582 animi

75 4618 177 4700 ilerde
199 4615 381 4702 appellant,
408 4638 471 4703 ego
494 4617 577 4680 malo
600 4616 769 4681 laetitiam
791 4617 971 4699 appellare,
996 4616 1085 4698 quasi
1107 4616 1272 4700 gestientis
1294 4613 1389 4679 animi

79 4711 227 4779 tudonem
253 4711 509 4795 voluptarium.''
553 4710 799 4777 defurunt.
823 4715 879 4786 10,
910 4710 966 4773 85.

142 4808 305 4884 Ἠθικόν,
335 4806 384 4870 ad
412 4817 555 4872 naturas
583 4818 616 4870 ct
644 4807 692 4871 nd
720 4827 832 4872 morea
858 4805 959 4870 etad
979 4826 1116 4871 omnem
1136 4806 1226 4875 vitae
1247 4827 1390 4873 consue·
