3202 5318
563 108 574 145 l

593 333 1024 406 GRAECO-LATINUS.
1097 394 1106 417 ,
1424 342 1467 406 87

138 477 202 562 μὴ
226 478 269 543 ad
285 498 336 543 me
357 487 447 544 aule:
469 487 501 543 el
523 477 624 565 prima
648 479 712 557 sic,
736 490 772 543 ut
796 490 892 564 neget
913 500 948 542 ee
971 500 1011 543 nc
1029 481 1155 545 Graeca
1177 479 1304 567 quidem
1330 484 1462 548 meliore

138 574 268 660 legisse.
318 571 457 659 Reliqua
485 576 526 637 ed
560 575 714 658 quendam
743 572 851 639 locum
878 575 1099 664 ῥᾳθυμότιρα.
1153 576 1230 641 Hoc
1256 578 1336 643 enim
1364 580 1484 644 utitur·
1533 640 1536 644 .

137 669 286 734 verbo.''
329 672 369 732 ad
391 666 436 750 0.
458 668 503 734 ie.
527 668 576 734 11.
600 670 656 745 16,
682 671 714 734 6.

217 763 489 846 ’ἢτοριῦουσιη
508 762 743 829 'declamitant
771 761 874 848 quari
898 764 1078 829 rhetorum
1114 785 1223 830 more.
1280 764 1462 850 „Equidem

135 856 231 920 etiam
256 855 386 940 pluviae
410 867 535 933 metuo,
568 862 597 927 si
624 856 834 942 prognostica
865 867 975 947 postea
998 878 1075 921 vera
1103 869 1190 922 eunt.
1243 857 1354 925 Ranae
1376 856 1459 922 euim

135 948 408 1038 tqroocdoveof'
452 953 493 1014 ad
514 951 586 1018 Au.
605 952 688 1017 XV.
713 950 801 1014 1613.
884 944 894 961 '

216 1047 360 1129 Ῥήτωρ,
388 1046 528 1123 ora'tor,
550 1047 724 1130 eloquens.
767 1044 917 1121 „Graece
935 1044 976 1109 ab
1004 1045 1185 1132 eloquendo
1213 1046 1321 1136 ῥήτωρ
1346 1056 1379 1111 ιι
1399 1044 1465 1111 La·

136 1140 201 1205 tine
223 1143 386 1226 eloquent
407 1139 511 1202 dictus
533 1139 624 1204 est.''
667 1140 791 1205 Orator
815 1139 874 1216 19,
898 1140 952 1203 61.
1291 1189 1295 1194 .

218 1238 338 1317 ‘Pipae
367 1234 487 1300 Πολλὰ
516 1235 624 1319 μάτην
652 1233 826 1320 κεράεσσιν
849 1245 882 1311 ἐς
909 1238 992 1320 ἠέρα
1024 1236 1231 1320 Septimia,
1260 1257 1339 1299 cum
1348 1233 1463 1328 fure·

137 1343 212 1407 ret,
244 1330 354 1395 multa
366 1325 521 1420 fruetra
540 1328 702 1393 comtum
723 1329 760 1391 in
785 1337 900 1393 ae‘rem
918 1350 1094 1415 proruere
1114 1351 1145 1394 e.
1157 1327 1313 1422 frustra
1331 1348 1466 1394 cornua

137 1423 342 1499 ἰαιιωιιιιη,
371 1429 457 1486 uera
485 1422 647 1486 cornibue
671 1420 919 1487 verberantem.
975 1426 1014 1487 ed
1028 1425 1100 1488 uu.
1121 1423 1225 1489 VIII.
1247 1424 1286 1501 5,
1321 1426 1353 1489 1.
1377 1423 1463 1488 Vec-

138 1540 193 1582 uu
216 1518 339 1602 po'elae
365 1537 430 1580 uon
460 1527 586 1581 constat
617 1514 719 1582 cuiue.
772 1516 847 1581 Viri
874 1517 961 1581 docti
987 1520 1028 1581 ud
1050 1521 1084 1582 h.
1109 1517 1134 1581 l.
1160 1516 1328 1581 inuiderunt
1351 1514 1464 1602 Virgi-

138 1610 256 1677 lianum
282 1609 361 1674 iilud
384 1630 425 1672 ex
445 1611 573 1695 Georg.
597 1613 665 1678 Ill.
690 1637 723 1680 v.
746 1612 821 1676 233.
845 1612 919 1676 231.
942 1612 1028 1675 Euu.
1073 1609 1174 1677 Conl.
1199 1609 1315 1695 Eurip.
1339 1610 1462 1675 Bacch.
1548 1604 1554 1609 ’

136 1704 216 1770 m:
242 1708 363 1789 ταῦροι
384 1706 413 1769 δ’
438 1707 595 1791 ὕβρισται
620 1718 684 1786 κείς
709 1722 807 1796 κέρας
826 1704 1033 1790 θυμούμενοι.

214 1800 436 1884 Ῥοιζόὲιιμις,
463 1801 508 1863 tu
533 1813 566 1865 et
586 1807 801 1867 tumultuosa
827 1799 1076 1865 controuersia.
1129 1852 1145 1881 „
1156 1801 1238 1877 Sed,
1270 1811 1305 1863 ut
1325 1797 1459 1877 scribis,

133 1895 324 1980 ῥοιζόθεμιν
344 1914 487 1978 magnam
506 1916 577 1958 cum
596 1897 756 1962 Antonio.
767 1899 786 1922 '⁹
830 1897 869 1957 ad
891 1896 961 1959 All.
986 1892 1086 1959 xlv.
1105 1896 1164 1971 10,
1194 1894 1228 1959 3.

212 1988 334 2069 ‘Ponti
361 2001 591 2067 momentum,
614 1990 804 2055 inclinatio.
850 1989 1001 2076 „Magna
1020 1989 1107 2078 ροιιιὶ
1132 1990 1171 2053 ed
1192 1989 1459 2073 proficiscendum

132 2082 245 2149 intuta
264 2079 423 2147 litteris.”
468 2084 507 2146 ad
525 2084 598 2149 Au.
625 2085 727 2151 XVI.
747 2086 783 2161 5,
809 2084 840 2147 4.
1160 2159 1162 2163 ,

212 2177 380 2263 Ῥυθμός,
411 2197 577 2242 numerus
606 2179 797 2243 oratorius.
853 2174 1043 2262 „Quidquid
1070 2188 1119 2242 est
1142 2178 1249 2256 euim,
1284 2182 1373 2264 qitod
1401 2183 1462 2245 mu

133 2271 255 2338 acrium
283 2291 460 2335 mensuram
481 2270 617 2355 aliquam
645 2273 748 2347 cadit,
773 2270 917 2336 etiamsi
945 2274 1034 2335 abest
1058 2294 1076 2336 a
1104 2293 1199 2336 versu
1226 2276 1316 2352 (nam
1340 2273 1372 2337 id
1393 2274 1464 2361 qui-

134 2368 202 2433 den
226 2364 384 2431 orationis
406 2375 456 2429 est
477 2363 628 2445 vitium),
652 2387 803 2430 uumerus
824 2375 979 2441 vocatur,
1011 2365 1066 2448 qui
1090 2366 1215 2429 Graece
1234 2367 1362 2450 ῥυθμὸς
1381 2364 1463 2430 dici·

134 2458 232 2526 lnr.'’
277 2458 401 2526 orator
426 2460 486 2536 20,
519 2461 573 2525 67.
597 2493 637 2503 -
688 2461 817 2540 „Habet
839 2480 953 2522 nomeu
976 2457 1146 2536 iuvidiam,
1169 2480 1241 2521 cum
1259 2458 1292 2521 in
1314 2460 1462 2525 oratione

134 2552 274 2620 iudiciali
295 2565 327 2616 et
355 2552 480 2618 lorensi
510 2575 660 2619 ntrmcrus
692 2554 838 2636 (Graece
863 2552 1009 2637 ῥυθμός)
1036 2551 1138 2616 inesse
1162 2549 1316 2616 dicitur.’'
1376 2554 1461 2620 Ora-

133 2649 268 2723 lorii,
292 2648 368 2711 170.

215 2734 484 2830 ‘anomaeus
505 2741 711 2827 descriptio,
738 2741 880 2826 pictura
904 2763 982 2805 cum
1008 2741 1244 2826 virgultorum
1268 2752 1303 2805 et
1322 2744 1461 2827 planta·

133 2859 212 2901 ram
233 2836 423 2900 virentium
443 2832 771 2920 repraecenlatioue.
817 2838 885 2918 „Et
908 2848 1011 2907 temen
1029 2837 1110 2898 haec
1131 2836 1355 2921 ῥωπογραφια
1373 2837 1461 2920 ripu-

134 2932 180 2994 lee
199 2929 333 2995 videtur
352 2931 499 2995 habiture
523 2931 660 2995 celerem
682 2930 898 2994 „rietatem”
948 2932 986 2993 ad
1006 2931 1080 2994 Au.
1101 2930 1183 3006 XV,
1207 2929 1295 2992 16Β.
1340 2930 1461 2994 Salma-

132 3025 260 3091 eiusad
291 3024 394 3090 Solio.
415 3047 449 3106 p.
479 3025 564 3087 739:
604 3026 822 3104 Ῥωποπώλην
844 3025 970 3090 Graeci
991 3036 1173 3101 vocarunt,
1202 3023 1262 3108 qui
1284 3025 1401 3087 omniu
1423 3026 1461 3089 iti

133 3141 242 3205 genua
261 3118 497 3203 promercalia
520 3120 675 3197 baberet,
709 3143 797 3204 quae
827 3119 985 3195 medicis,
1016 3117 1236 3193 tinctorium,
1267 3119 1460 3202 pictoribus

132 3226 162 3276 et
195 3211 374 3299 myrepeie
405 3212 641 3277 conducerent.
705 3217 800 3280 Nam
832 3215 945 3299 ῥωπὸν
976 3212 1146 3276 eiusmodi
1181 3233 1311 3276 merces
1335 3236 1459 3279 omnes

132 3308 265 3371 murtae
288 3328 330 3368 ac
353 3305 505 3370 minutae
526 3307 758 3390 appellabant.
801 3309 1002 3389 Hesychius:
1032 3309 1158 3392 ῥωπός,
1190 3310 1209 3374 ὁ
1237 3308 1348 3383 lenuis
1373 3309 1458 3394 φόρ-

134 3428 199 3476 τος,
232 3401 300 3466 ὅσα
331 3400 533 3485 ζωγράφοις,
565 3407 730 3483 βαφεῦσι,
759 3410 918 3486 μυρεψοῖς
944 3403 1142 3488 χρησιμεύει.
1187 3400 1278 3463 Idem
1299 3404 1337 3463 ad
1359 3403 1458 3484 Spar·

133 3495 208 3558 lieni
243 3493 448 3558 Hadrianum
477 3517 511 3577 p.
542 3496 629 3559 8811:
671 3497 741 3579 Qui
766 3499 911 3572 belluae,
942 3498 1101 3572 arbores,
1132 3494 1304 3568 homines,
1335 3505 1456 3572 antra,

130 3600 255 3673 portur
285 3599 318 3651 et
349 3587 421 3650 alia
449 3589 487 3650 id
510 3610 621 3671 genus
646 3591 807 3675 variaque
826 3604 859 3654 et
882 3591 1016 3654 minuta
1037 3614 1139 3674 opere
1165 3586 1317 3671 topiario
1338 3591 1457 3672 expri-

135 3682 288 3756 mebant,
323 3683 543 3769 ρωπογράφοι
570 3685 673 3765 volgo
697 3685 910 3749 dicebantur.
965 3689 1059 3751 Nam
1086 3683 1195 3767 ῥωπὸς
1223 3692 1274 3744 ιιι
1304 3683 1401 3747 vurta
1424 3697 1458 3748 et

134 3775 270 3839 mimula
293 3796 435 3838 merces.
487 3777 576 3841 Hine
599 3780 822 3865 ῥωπογραφιιι
845 3780 978 3862 ripulae
999 3779 1095 3863 apud
1119 3777 1314 3840 Ciceronem
1330 3775 1366 3838 in
1384 3779 1457 3861 epi·

134 3873 224 3935 atala
247 3869 296 3932 ad
319 3871 474 3935 Atticum
501 3872 543 3935 L.
571 3874 644 3937 XV
643 3917 653 3935 .
686 3896 739 3956 ep.
771 3877 823 3936 16.
874 3877 987 3957 Quam
1012 3894 1128 3937 vocem
1157 3872 1258 3953 volgo
1284 3869 1457 3935 deducunt

135 3966 200 4029 ἀπὸ
228 3968 293 4030 τῶν
315 3967 453 4049 (lende,
484 3963 507 4029 i.
539 3953 580 4027 es
597 3988 620 4027 a
648 3965 827 4049 virgultis,
857 3968 997 4032 omniuo
1022 3969 1127 4042 male,
1154 3986 1232 4026 cum
1253 3964 1321 4028 ἀπὸ
1343 3967 1458 4046 <innoti

125 4056 233 4143 sacta
260 4060 320 4122 eit.
364 4060 455 4123 Hinc
489 4061 635 4143 ῥωπικόν
667 4061 771 4123 etium
803 4066 876 4127 ἀντὶ
905 4067 962 4129 τοῦ
990 4065 1114 4148 ὡραίου
1147 4057 1273 4124 Graeci
1301 4073 1456 4139 ponunt,

132 4152 222 4236 quod
248 4151 416 4216 varietate
447 4153 525 4235 ipsa
555 4155 737 4236 pulchrum
762 4166 825 4218 eet.
880 4157 970 4220 Hinc
1006 4153 1228 4242 ῥωπογράφος
1248 4147 1365 4230 pictor
1396 4154 1454 4219 ille

132 4246 241 4309 dietus
261 4247 358 4329 apud
382 4247 551 4322 Plinium,
586 4248 680 4332 quod
705 4248 851 4312 humilia
876 4261 1010 4315 tuntum
1031 4250 1211 4333 pingeret,
1246 4261 1284 4312 ut
1311 4248 1454 4326 arelloe,

132 4339 273 4405 absonia
301 4351 335 4403 ιι
362 4340 508 4414 similia,
540 4345 647 4426 (ioum
662 4341 679 4405 s.
712 4374 751 4387 -·
786 4379 825 4388 -
858 4347 1082 4429 ρωπογραφιᾳ
1104 4343 1290 4424 opponitur
1313 4349 1455 4425 μεγαλα·

134 4446 278 4520 γραφέα,
303 4455 391 4519 quae
416 4435 452 4496 in
476 4436 578 4498 rebue
603 4436 740 4519 moguir
768 4449 800 4499 et
827 4437 997 4502 uobilllnm
1016 4436 1252 4519 exprimendis
1274 4450 1451 4515 vereatur,

134 4540 165 4590 ut
187 4540 272 4593 eunt
294 4529 439 4592 deorum
462 4529 668 4606 simulacra,
696 4530 817 4606 aeder,
847 4534 987 4605 heroes,
1012 4531 1178 4594 bellorum
1201 4529 1366 4595 historiae
1385 4544 1449 4596 cet.

136 4621 172 4685 ci.
193 4625 222 4689 I.
249 4624 408 4688 Gronov.
431 4627 469 4687 ad
491 4622 562 4689 Cic.
585 4623 607 4687 l.
631 4646 659 4691 c.
707 4623 797 4689 Hinc
822 4624 1028 4708 intelligitur,
1064 4622 1142 4706 quid
1165 4623 1205 4686 sit
1228 4627 1453 4713 ῥωπογραφια

137 4714 271 4798 ripulae,
308 4715 430 4780 scilicet
462 4718 637 4801 descriptio
668 4716 774 4800 ripae,
808 4718 1039 4803 virgultorum,
1074 4717 1243 4801 genuinis,
1276 4720 1391 4785 florum
1420 4718 1452 4782 iu

139 4810 210 4893 tipu
253 4810 418 4896 Virgiliue
439 4812 479 4875 de
504 4815 603 4894 po'e‘tn
626 4811 699 4876 lici·
722 4810 788 4877 lx.
815 4812 871 4875 tun
