3202 5318
518 384 542 393 -.
587 342 1014 414 suesconerruos.
1065 300 1069 307 ’
1400 351 1459 415 ns

140 483 278 547 Salmas.
301 483 343 549 sd
357 484 460 550 Solia.
479 507 514 567 p.
538 484 638 551 etis.
661 485 783 560 etalii,
808 508 889 568 quies
911 489 1016 550 laudat
1038 488 1209 554 Graevius.
1251 491 1457 557 Interiorem

135 579 267 642 lineam
289 599 372 662 ergo
395 591 534 654 tenere,
555 579 637 643 idem
660 591 707 642 est
730 601 766 642 ac
788 581 937 644 medium
962 595 1086 648 tenere.
1130 584 1216 648 Eun.
1271 581 1282 605 ²

221 673 295 753 Tris
314 677 398 740 sede
413 687 567 758 μεγίστην
592 675 666 741 ὥστ’
689 674 776 753 ἔχειν
799 680 992 762 τυραννίδα,
1018 688 1057 742 at
1078 677 1264 763 tyrannide
1281 680 1456 762 potiatur,

132 788 222 853 quae
243 768 339 832 inter
356 769 440 832 deos
463 770 639 844 manima3
668 780 707 832 ut
729 790 839 852 regno
861 769 1040 851 potiatura·
1065 792 1134 856 qno
1158 772 1208 834 nil
1234 772 1345 836 maius
1368 774 1460 838 inter
1522 808 1526 815 ·

133 861 217 926 deos
240 862 352 945 ipsos.
394 865 435 925 sd
456 865 528 929 Att.
550 863 635 928 Vll.
659 865 717 939 11,
753 867 783 928 1.
840 863 900 925 Est
920 862 1063 927 senarius
1090 863 1122 926 in
1147 865 1260 948 Eurip.
1286 866 1456 933 Phoeniss.

134 957 208 1020 500.
262 955 438 1021 Lambinus
463 957 590 1020 delebat
619 957 692 1038 τήν,
726 955 796 1019 scil.
819 955 913 1020 metri
935 977 1041 1021 causa.
1095 960 1159 1022 Sed
1186 965 1271 1026 asan
1292 974 1457 1026 contracte

132 1049 419 1131 pronuntiandum.
464 1053 549 1115 Eun.

218 1145 292 1224 Τιὶν
324 1150 500 1231 παροῦσαν
531 1145 735 1211 κατάστασιν
768 1148 934 1221 τυπωδῶς,
963 1158 1180 1228 praesentem
1215 1149 1267 1212 rei
1301 1149 1456 1233 publicae

134 1248 266 1301 statam
287 1238 488 1302 summatim
505 1238 576 1303 scil.
599 1239 686 1302 mihi
706 1239 891 1302 describas.
936 1240 976 1301 ad
998 1243 1069 1304 Au.
1093 1241 1156 1306 lv,
1180 1241 1239 1317 13,
1270 1243 1302 1306 2.

220 1336 289 1411 Ίῖς
310 1333 481 1418 δάμαρτός
495 1359 560 1416 μου
579 1337 598 1400 ὁ
616 1335 832 1420 ἀπελεύθερος
855 1333 969 1408 (ciebo
990 1336 1030 1400 ὃν
1048 1339 1142 1418 λέγω)
1163 1334 1256 1415 ἔδοξέ
1271 1364 1331 1420 μοι
1346 1338 1457 1421 πρώην

136 1428 169 1504 ἐξ
180 1426 228 1492 eir
241 1426 479 1512 ἀλογευόμενος
493 1435 757 1511 παρεφθέγγετο,
779 1442 1003 1511 πεφυρακέναι
1024 1429 1080 1503 τάς
1098 1429 1231 1510 ψήφους
1246 1440 1282 1495 ἐκ
1299 1437 1353 1511 τῆς
1374 1436 1458 1513 ὠνῆς

139 1526 199 1587 τᾶν
217 1521 434 1606 ὅπαρχόντων
448 1527 506 1587 τοῦ
525 1523 759 1603 Κροτωνιάτου
781 1526 1045 1607 τυραννοκτόνου.
1068 1526 1198 1588 δέδοικα
1214 1524 1252 1602 δὴ
1271 1525 1317 1608 μή
1332 1553 1362 1591 τι
1383 1527 1458 1605 νοή-

137 1642 203 1699 σῃς.
224 1613 271 1691 εἷς
291 1616 332 1695 δυ’
351 1642 414 1681 που
436 1620 531 1682 τοῦτο
548 1618 587 1695 δὴ
602 1617 882 1703 περισκεψάμενος
902 1617 943 1681 τά
965 1617 1064 1682 λοιπά
1082 1619 1315 1698 ἐξαοφάλισαι.
1361 1621 1458 1684 Ποιο-

140 1709 190 1773 ris
219 1730 320 1773 meae
346 1711 489 1774 libertus
513 1713 628 1787 (nosti
652 1733 752 1795 qoem
774 1711 872 1790 dico)
900 1710 994 1775 uisus
1013 1722 1065 1773 est
1086 1711 1171 1773 mint
1192 1710 1322 1774 annom
1341 1735 1360 1776 e
1383 1735 1457 1775 ver·

137 1804 204 1877 bis,
228 1824 321 1888 meae
342 1804 595 1869 inconsiderate
616 1803 827 1896 effutiebat,
851 1805 1009 1869 turbasse
1022 1806 1172 1868 calculos
1186 1826 1234 1869 ea
1248 1806 1457 1889 coemptione
1535 1838 1542 1849 ·

136 1898 306 1963 bonorum
336 1899 558 1993 Crotoniatae
583 1899 824 1986 tyrannicidae
861 1897 905 1976 (i.
929 1919 958 1963 e.
981 1896 1133 1976 Milonis,
1164 1896 1219 1981 qui
1242 1897 1389 1962 Clodium
1410 1901 1458 1964 in·

135 1991 301 2071 terlecit):
327 1993 431 2055 timeo
452 1993 598 2078 nequid
626 1992 787 2057 senseris.
833 1995 929 2056 Unus
955 1991 1120 2056 nimirum
1136 1993 1199 2056 hoc
1224 1993 1282 2056 sebi
1303 1995 1457 2059 conside·

135 2086 286 2159 raveris,
311 2085 444 2170 reliqua
464 2087 499 2149 in
520 2098 598 2150 tuto
615 2107 718 2169 pone.
743 2086 783 2147 ad
804 2089 876 2150 Au.
899 2087 962 2152 lV.
985 2089 1020 2160 l,
1045 2085 1077 2149 3.
1101 2085 1180 2148 vie.
1196 2107 1223 2147 s.
1242 2106 1273 2148 r.
1299 2089 1453 2171 Φνράτης.

134 2178 169 2242 In
197 2179 320 2243 ultimis
347 2185 480 2247 δέδοικα
503 2182 541 2261 δὴ
569 2181 740 2262 Sophoclis
766 2180 887 2265 aliquid
912 2181 1073 2262 reperisse
1100 2199 1135 2242 se
1157 2188 1247 2261 putat
1270 2191 1300 2242 et
1322 2183 1457 2267 corrigit

135 2273 370 2337 Valckenarius
393 2277 439 2339 V.
463 2275 505 2340 C.
528 2276 561 2338 iu
587 2276 693 2339 Diatr.
717 2278 755 2338 de
778 2274 967 2357 fragmentis
989 2272 1107 2355 Eurip.
1130 2293 1164 2354 p.
1189 2272 1264 2336 193.
1308 2275 1392 2338 Eun.

219 2372 290 2447 Tiir
306 2370 337 2435 δ’
355 2371 470 2453 ἀρετῆς
488 2374 626 2453 ἱδρῶτα,
650 2371 758 2452 suppl.
780 2377 852 2434 beot
872 2368 1098 2454 προπάροιθεν
1115 2368 1239 2446 ἔθηκαν
1257 2369 1455 2447 Ἀθάνατοι,

134 2475 211 2527 ante
233 2464 399 2527 virtatem
419 2464 582 2528 sudorem
610 2463 660 2526 dii
677 2475 871 2546 posuerunt
892 2462 1117 2527 immortales.
1142 2463 1180 2522 sd
1203 2460 1293 2524 Fam.
1319 2462 1452 2539 v1.18‚
1549 2459 1551 2465 ’

136 2558 164 2620 5.
210 2558 339 2621 Versus
363 2557 497 2622 Hesiodi
522 2559 611 2639 Opp.
635 2569 667 2620 et
690 2557 782 2621 Dier.
807 2557 880 2621 289.

220 2655 291 2731 Τῆς
314 2653 475 2735 ξυναόρου
498 2656 551 2730 τῆς
574 2658 652 2736 ἐμῆς
676 2652 900 2735 οὑξελεῦθερος
925 2650 1018 2729 ἔδοξέ
1035 2676 1113 2735 μοι,
1138 2649 1232 2733 θαμά
1252 2655 1455 2736 βατταρίζων

138 2756 189 2811 ml
210 2747 327 2817 otton
340 2760 405 2822 τοῖς
421 2747 587 2830 ξυλλόνοις
604 2758 660 2812 καὶ
678 2763 746 2822 ταῖς
765 2754 912 2825 λέσχαις,
937 2745 1001 2811 ὑπό
1021 2772 1051 2810 τι
1069 2755 1293 2827 πεφυρακέναι
1315 2744 1371 2820 τὰς
1389 2745 1456 2824 ψή-

138 2866 218 2920 φους
237 2850 278 2907 ἐν
296 2856 363 2916 τοῖς
384 2841 570 2925 ὑπάρχουσι
591 2856 656 2918 τοῖς
681 2846 739 2906 τοῦ
759 2841 1002 2926 Κροτωνιάτου.
1048 2838 1178 2933 Uxoris
1199 2859 1293 2900 meae
1313 2839 1456 2903 libertae

139 2936 227 2999 uisas
246 2947 301 2997 est
323 2936 423 3007 milri,
447 2957 549 3017 saepe
571 2937 731 3019 garriens
749 2948 781 2997 et
799 2956 921 2998 errans
942 2935 978 2997 in
995 2930 1227 2997 conciliabulis
1245 2943 1278 2994 et
1295 2932 1451 3007 circulis,
1550 2966 1552 2970 ·

137 3029 390 3112 quodammodo
418 3030 640 3092 conturbasse
669 3030 822 3092 rationes
850 3030 884 3091 in
914 3028 1010 3091 bonis
1039 3026 1273 3091 Crotoniatae.
1319 3030 1356 3088 ad
1382 3030 1452 3092 Au.

138 3123 197 3187 Vl.
221 3126 262 3194 b.
294 3128 326 3186 1.
379 3122 599 3188 Crotoniaten
626 3125 762 3205 appellat
784 3123 939 3186 Milonem
967 3122 1205 3185 interfectorem
1231 3118 1338 3184 Clodii
1363 3143 1379 3184 a
1401 3142 1454 3185 cc·

137 3216 212 3283 lessi
236 3218 294 3281 illo
315 3231 450 3298 propter
477 3217 560 3280 vires
583 3217 732 3298 corporis
757 3217 883 3280 Milone
907 3215 1109 3280 Crotoniata.
1156 3216 1240 3277 Eun.

218 3317 265 3378 Tc
279 3313 346 3395 γάρ
365 3311 458 3394 obrui
473 3319 580 3396 pelam
598 3311 691 3395 Quid
712 3311 801 3373 enim
824 3311 875 3371 illi
896 3311 1091 3373 coracesii
1113 3312 1153 3371 ad
1174 3309 1343 3373 Au.x11.
1366 3311 1400 3388 2,
1419 3311 1451 3375 2.

216 3411 263 3472 Tr
285 3407 419 3480 λοιπόν;
439 3406 523 3489 quid
544 3406 738 3489 reliquum}²
783 3407 820 3465 ad
844 3407 915 3466 Ait.
940 3405 1004 3466 VI.
1031 3407 1066 3476 1,
1092 3405 1145 3465 20.

217 3500 325 3583 Ίὶμῆ,
351 3502 474 3562 bonor.
504 3500 661 3578 „Vereor
684 3520 721 3560 ne
744 3497 897 3559 minorem
921 3500 1015 3581 τιμήν
1036 3499 1155 3560 haltere
1179 3496 1323 3561 videatur
1339 3496 1453 3585 ἔκτρο-

140 3593 229 3669 τος.”
275 3594 519 3658 τδΑιι.Χ11.
546 3594 604 3667 tt,
639 3598 669 3655 1.

220 3692 281 3764 Te
305 3690 335 3752 δ’
361 3688 433 3753 ἔστι
462 3693 576 3763 δοῦλος
596 3693 653 3752 τοῦ
673 3695 785 3753 θανεῖν
802 3688 960 3771 ἄφροντις
979 3687 1040 3763 cim
1062 3687 1228 3770 Quisnam
1247 3698 1449 3758 esseorum,

138 3780 191 3861 qui
217 3794 366 3845 mortem
387 3803 456 3845 non
477 3793 589 3855 caret,
618 3803 685 3845 non
710 3783 854 3844 timeat?
882 3785 920 3843 ad
943 3786 1011 3846 Att.
1037 3781 1101 3842 IX.
1127 3782 1203 3852 tu,
1231 3781 1264 3842 2.
1289 3778 1452 3858 Euripidis

139 3875 278 3938 senarius
308 3875 401 3938 ctiam
435 3877 611 3940 Plutarcho
642 3889 834 3940 memoratus
862 3880 900 3940 de
932 3875 1092 3939 audiendis
1121 3874 1240 3956 po'c‘tis.
1265 3875 1348 3937 Euu.
1375 3872 1453 3934 vit.

140 3967 251 4050 Eurip.
275 3968 376 4053 srgm.
401 3970 463 4031 inc.
488 3971 650 4035 LXXVI.
674 3971 771 4035 Dind.

216 4068 279 4139 Tse
304 4066 415 4147 πατέρ’
438 4066 582 4143 nitricem
611 4065 743 4145 Integer
766 4088 876 4129 versus
900 4067 945 4128 sic
964 4086 998 4127 se
1019 4064 1129 4124 habet:
1160 4074 1205 4136 τίς
1227 4065 1335 4143 πατέρ’
1362 4060 1455 4139 αἰνή-

137 4182 195 4231 σει,
228 4169 260 4224 τι·
284 4158 331 4241 μή
358 4165 594 4241 κακοδαίμονες
621 4168 704 4234 υἱοί;
740 4161 816 4243 prsis
846 4173 981 4243 patrem
1009 4156 1162 4219 luredabit
1194 4155 1262 4215 nisi
1294 4151 1454 4243 infelices

132 4250 225 4323 filit?
246 4255 288 4313 sd
312 4253 385 4316 Att.
410 4254 437 4315 l.
461 4254 513 4326 19,
538 4255 591 4314 10.
615 4253 779 4314 Maiorem
797 4265 829 4316 et
852 4267 1016 4334 parentum
1040 4251 1147 4315 laudes
1167 4249 1270 4310 solent
1294 4246 1323 4307 in
1343 4244 1452 4326 primis

138 4362 402 4418 commemorare,
435 4346 488 4428 qiu
518 4345 596 4427 ipsi,
630 4349 717 4429 qirod
747 4348 867 4410 laudem
892 4359 1067 4418 mereatur,
1096 4363 1161 4405 uon
1184 4342 1340 4403 lecerunt.
1386 4342 1452 4404 lta-

89 4484 91 4519 .
140 4459 187 4517 que
216 4434 341 4504 Cicero
371 4452 519 4514 veretur,
555 4461 595 4502 ue
626 4439 754 4502 Atticus
784 4441 844 4502 sibi
876 4440 1013 4502 laudanti
1046 4436 1245 4518 superiorum
1276 4448 1452 4518 temporum

141 4549 180 4594 tes
203 4544 333 4615 gestas,
373 4533 403 4596 in
427 4535 512 4596 libro
537 4536 575 4596 de
603 4534 769 4595 consulatu
800 4547 831 4597 et
856 4534 941 4606 aliis,
975 4532 1098 4594 occiuat
1124 4529 1222 4592 illud:
1258 4534 1316 4606 Τίς
1343 4534 1451 4616 πατέρ’

144 4630 256 4706 uitiosa
280 4642 345 4691 cet.
370 4631 505 4693 Adeone
527 4630 567 4691 ab
591 4627 721 4710 iugenio
747 4639 778 4688 ct
803 4629 1002 4708 superiorum
1026 4637 1204 4705 temporum
1228 4626 1453 4688 consuetudine

146 4720 312 4799 descivisti,
344 4734 380 4785 ut
403 4723 473 4786 sola
496 4722 566 4794 ills,
601 4743 682 4804 quiae
705 4720 781 4784 olim
807 4721 961 4805 gesseris,
999 4720 1125 4794 laudes,
1161 4720 1249 4802 qirasi
1272 4741 1354 4782 uiroc
1376 4718 1454 4783 nibil

147 4804 292 4883 laudabile
314 4815 446 4880 iacias?
469 4818 553 4879 Eun.
577 4816 800 4900 Diogeniauus
821 4816 980 4897 proverb.
1004 4814 1103 4877 Vlll.
1129 4816 1192 4879 lb:
1218 4819 1287 4891 Τίς
1315 4815 1452 4897 πατέρ’
