3202 5318
621 323 774 397 INDEX
794 325 975 401 LEGUM.
1395 323 1457 397 305

144 492 153 501 ·
222 470 256 537 Si
286 470 357 555 quis
386 494 466 536 vcro
489 471 544 556 qui
566 494 677 535 census
699 484 783 536 esset
804 485 917 538 eontra
938 474 1022 537 illam
1045 475 1147 558 legem
1170 471 1326 559 virginem
1346 473 1457 540 mulie·

135 588 248 633 reture
269 568 418 630 heredem
442 565 640 640 instituisset,
664 588 728 631 nou
751 578 969 630 testamentum
991 579 1093 632 totum
1115 567 1238 631 irritum
1260 568 1376 641 fiebat,
1399 568 1457 631 sed

134 662 209 738 itte,
243 682 325 746 quae
348 661 490 725 instituta
521 672 605 722 esset
632 672 744 724 eontra
772 660 894 744 legem,
928 674 1083 725 summota
1109 660 1250 746 reliquae
1278 659 1457 725 testamenti

134 768 244 839 partes
266 756 427 819 valebant.
472 755 587 834 Quod,
617 775 688 816 cunr
711 757 836 818 Verres
861 754 1047 820 lilia'Anuii
1068 768 1224 819 summota
1247 755 1455 819 hereditatem

133 852 179 914 L.
203 851 312 915 Annio
335 851 473 913 secundo
495 847 605 911 heredi
627 850 810 912 condonare
836 860 963 931 posset,
996 860 1083 912 recte
1107 849 1256 912 videntur
1281 844 1455 915 coniecisse

134 942 414 1025 Zimmerniusp.
443 943 519 1006 329.
550 945 658 1007 adnot.
686 942 760 1018 52.,
798 944 989 1026 Hessiusp.
1020 943 1083 1027 188
1107 964 1177 1028 seq.
1212 943 1368 1029 schilling
1394 945 1457 1021 Be-

135 1039 242 1102 merlr.
264 1059 300 1120 p.
324 1038 398 1101 tlt.

221 1130 305 1197 Cum
329 1129 453 1197 Plinius
474 1152 592 1213 paneg.
614 1150 646 1194 e.
670 1130 727 1193 12ι
751 1130 1002 1214 locupletnllant
1024 1131 1205 1209 etsrscum
1226 1141 1260 1194 et
1279 1130 1457 1199 nemrim

135 1247 207 1320 non
234 1238 307 1290 tam
340 1226 512 1292 Voconiae
539 1238 573 1288 et
600 1226 710 1290 Iuliae
737 1229 845 1309 leges,
880 1248 984 1311 quom
1013 1227 1203 1289 maiestatis
1223 1225 1403 1314 singulm
1422 1238 1459 1293 et

135 1312 278 1384 unicum
297 1319 510 1384 crimen-.
531 1331 566 1382 et
589 1318 688 1381 Gaius
710 1319 759 1382 ll.
783 1324 876 1397 §.7
838 1320 913 1381 271.
936 1324 985 1400 (ι.
1009 1324 1118 1402 supra)
1140 1321 1269 1403 legem
1260 1337 1459 1389 rtaeornnre·

137 1425 280 1490 inurent,
304 1425 470 1478 uteorum
496 1425 640 1496 tempore
660 1415 763 1475 adhuc
787 1413 922 1476 valuisse
944 1414 1102 1491 videatur,
1126 1414 1249 1483 Gellius
1273 1441 1354 1484 vero
1375 1406 1458 1483 XX

141 1510 175 1571 1.
196 1511 276 1571 haee
295 1509 428 1572 habeat:
459 1507 543 1592 quid
565 1507 686 1570 utilius
701 1507 895 1593 plebiscito·
900 1510 1043 1573 voconio
1064 1510 1105 1573 de
1125 1515 1321 1578 coercendis
1340 1514 1459 1579 mulie·

140 1623 222 1667 rum
253 1603 525 1669 hereditatibus?
561 1588 654 1684 Quid
683 1613 755 1665 tam
786 1586 1019 1671 nccehium
1054 1604 1295 1672 existimatum
1330 1621 1383 1674 est
1413 1645 1456 1657 -
1589 1614 1597 1624 ’

140 1717 245 1781 vrum
263 1700 324 1761 leae
344 1697 481 1761 Licinia
504 1708 536 1759 et
558 1695 730 1761 Fannia-
754 1697 801 1757 ·2
837 1696 954 1761 omnia
977 1710 1092 1762 tumen
1113 1702 1195 1764 haec
1221 1703 1405 1767 obliterato
1424 1716 1459 1769 et

139 1804 262 1874 operto
280 1803 362 1855 sunt
383 1791 532 1855 civitatis
554 1789 747 1872 opulentia,
773 1790 941 1874 Savignius
964 1814 996 1873 p.
1013 1793 1073 1855 236
1089 1814 1162 1877 sqq.
1186 1796 1264 1861 haec
1281 1797 1461 1862 testimonia

137 1883 181 1947 ita
211 1885 338 1949 videtur
365 1887 447 1948 bene
473 1885 676 1957 conciliasse,
711 1895 745 1946 ut
773 1885 902 1947 alteram
927 1886 1095 1950 Voconiae
1121 1902 1243 1970 partem
1270 1912 1353 1976 quae
1377 1906 1462 1959 esset

138 1980 179 2043 de
200 1978 317 2065 legatis
338 1981 409 2065 lege
432 1979 570 2043 Falcidia
593 1981 800 2062 abrogatam,
832 1979 966 2042 alterans
994 1980 1068 2068 lege
1095 1982 1198 2065 Papia
1225 1972 1463 2068 Poppaeam

138 2072 242 2157 gustis
265 2075 391 2179 quidem
412 2075 528 2136 finibus
554 2072 826 2156 circumscriptam
852 2096 940 2150 csse,
965 2077 1021 2137 sed
1045 2078 1147 2139 adhue
1174 2078 1311 2144 valuisse
1332 2078 1462 2159 iudioet,

138 2167 279 2230 donee'
269 2187 319 2231 rus
346 2168 521 2232 liberorum
544 2167 727 2229 mulieribus
750 2166 897 2231 omnibus
926 2172 1170 2233 concederetur.
1215 2172 1278 2252 Qui
1305 2194 1385 2237 vero
1411 2174 1465 2239 lex

138 2259 290 2357 Voconia
319 2263 430 2327 liscrrm
461 2274 491 2326 et
519 2259 676 2324 aerarium
707 2261 906 2344 locupletare
934 2262 1095 2344 potuerit,
1131 2265 1340 2351 Savignius
1330 2290 1399 2351 ipse
1428 2292 1463 2353 p.

139 2342 217 2419 235.
240 2348 276 2418 se
298 2355 418 2420 latetur
438 2377 572 2439 prorsus
597 2354 762 2439 ignorare.

226 2448 376 2536 Denique
398 2451 694 2515 commemorandus
722 2460 770 2511 est
794 2449 939 2513 Paullus
954 2461 1077 2534 recept.
1104 2462 1186 2514 sent.
1211 2451 1276 2516 lv.
1299 2456 1331 2517 8.
1355 2462 1387 2533 §.
1410 2458 1465 2521 2.2

138 2542 201 2624 (cf.
225 2541 348 2608 Cottas.
371 2544 464 2630 legg.
487 2546 580 2608 Mos.
604 2554 635 2605 et
658 2544 756 2607 Rom.
779 2544 879 2607 XVI.
904 2544 968 2623 8.):
936 2543 1159 2636 lfemt'nae
1188 2545 1236 2607 ad
1257 2549 1464 2614 hereditates

138 2637 317 2725 legitimos
338 2642 434 2703 ultra
454 2636 730 2720 consanguineas
752 2637 985 2702 successiones
1005 2659 1074 2703 non
1093 2638 1344 2705 admittuntur:
1364 2643 1466 2729 idque

141 2732 221 2795 iure
242 2731 335 2796 ciuili
355 2733 545 2797 noconiarta
567 2730 703 2795 ratione
725 2731 858 2794 uidetur
879 2728 1090 2820 ffictum.
1081 2755 1101 2798 ι.
1123 2754 1154 2797 e.
1200 2733 1297 2813 Qttod
1311 2757 1376 2801 nort
1391 2738 1465 2823 lege

140 2825 267 2911 aliqua,
299 2826 385 2891 scd
377 2848 446 2891 sure
468 2825 554 2889 civili
577 2825 724 2887 ellectum
748 2838 810 2900 est,
847 2837 881 2887 ut
904 2827 1099 2890 feminae—
1122 2848 1185 2890 non
1208 2828 1463 2908 admitterentur,

139 2919 174 2985 id
196 2923 303 2984 eadem
327 2921 451 2984 ratione
472 2920 590 2983 lactum
614 2929 678 2993 est,
712 2941 772 3001 qua
797 2920 965 2983 Voconius
988 2921 1090 3006 legem
1118 2920 1208 2999 tulit,
1242 2934 1276 2986 ut
1299 2924 1466 2991 mulierum

140 3015 305 3100 opulentia
327 3020 547 3080 coerceretur.
593 3016 638 3077 V.
663 3015 830 3098 Savignius
852 3038 886 3097 p.
909 3016 969 3079 235
993 3010 1054 3100 sq.'

227 3138 320 3202 Haec
340 3139 504 3203 hactenus.
527 3138 823 3202 HERMANNUS
845 3136 1084 3203 SAUPPIUS.

218 4891 352 4939 Ounut.
389 4890 442 4937 ote.
462 4889 507 4934 111.
