3202 5318
635 344 786 411 tnnttx
807 342 987 409 Lttotm.
1401 356 1461 419 lli

135 510 301 565 aecasoue
329 510 365 553 ιιι
394 508 465 551 eona
492 506 658 553 roresras
686 506 778 559 ster,
812 504 871 547 ori
897 500 996 549 rarat
1024 508 1112 552 anno
1132 510 1225 554 ιιιιο
1247 512 1319 557 aar.
1365 498 1464 561 Haeo

134 606 198 651 m
221 606 279 647 arr
301 604 374 645 nixa
397 605 455 645 rra
478 603 557 656 vos,
582 581 759 660 Quinta-es,
784 580 907 643 nono.'’
950 583 995 642 Α.
1018 580 1143 643 Gellius
1167 585 1213 647 V.
1238 586 1289 651 19.

224 676 392 751 ,Oblitiue
414 688 497 746 tum,
521 697 591 737 clun
617 674 688 748 ille,
712 673 766 759 qui
790 671 823 735 id
846 683 974 756 egerat,
999 674 1054 752 (Ρ.
1080 673 1231 756 Clodius)
1254 678 1395 759 plebeius
1418 697 1466 749 „t

134 774 210 853 lege
232 772 371 835 erariata
392 770 511 845 lactus,
541 767 604 832 dici
627 769 665 831 de
687 766 777 831 caelo
802 786 871 829 esse
893 766 1104 831 servatum?’'
1137 770 1176 832 de
1196 771 1352 838 Prouinc.
1376 774 1464 842 Con.
1523 776 1527 793 '

132 868 198 933 sal.
222 866 282 939 19,
306 866 362 929 15.
394 903 438 917 -
469 864 567 944 ,Quo
589 862 638 926 die
661 865 699 925 de
721 873 752 923 te
779 861 831 924 lex
855 861 993 924 curiata
1015 863 1076 924 lata
1104 884 1173 928 csse
1196 866 1335 942 dicatur,
1371 874 1466 937 audes

133 980 260 1046 negare
282 962 321 1023 de
344 958 435 1021 caelo
457 978 527 1021 esse
549 954 761 1019 screatum?‘'
794 975 856 1038 pro
880 956 975 1019 domo
1001 958 1057 1030 15,
1081 956 1135 1021 39.
1158 992 1197 1005 -
1232 960 1325 1022 Hanc
1353 975 1465 1029 tetram

134 1056 367 1137 immanemque
396 1053 519 1115 beluam
549 1053 605 1130 (Ρ.
636 1048 798 1129 Clodium)
829 1047 963 1111 vinctam
993 1050 1159 1132 auspiciis,
1196 1053 1353 1137 alligatam
1377 1083 1467 1127 more

135 1148 314 1224 maiorum,
349 1147 553 1209 constrictam
578 1146 683 1230 legum
706 1154 902 1206 sacratarum
925 1142 1044 1207 catenis
1066 1145 1165 1208 soluit
1185 1149 1291 1212 subito
1314 1150 1386 1236 lege
1407 1178 1466 1219 eu.

134 1244 232 1309 tiata
252 1240 402 1306 consol.''
425 1261 488 1321 pro
510 1239 616 1303 Sestio
641 1244 675 1313 l,
702 1240 754 1303 lb.
778 1270 816 1286 --
842 1237 919 1319 „De
942 1236 1059 1302 Publio
1082 1238 1230 1321 (Clodio)
1252 1263 1331 1327 qttae
1354 1251 1394 1309 ad
1416 1270 1467 1314 me

134 1336 250 1403 scribis
280 1356 357 1399 saue
386 1335 461 1398 mihi
491 1334 622 1397 iucunda
649 1344 743 1396 etanta
782 1354 883 1418 eaque
907 1331 999 1395 etiam
1030 1334 1124 1396 velim
1152 1336 1298 1400 omuibus
1324 1342 1469 1427 vestigiis

134 1430 285 1517 indagata
309 1434 348 1495 ad
371 1451 420 1493 me
442 1430 575 1502 alteras,
606 1449 676 1490 cum
701 1426 822 1501 reuies3
855 1438 887 1490 et
909 1426 1030 1490 interea
1053 1428 1195 1505 scribas,
1230 1430 1258 1493 si
1279 1434 1354 1518 quid
1375 1437 1469 1502 ieret.

137 1526 222 1613 ligea
251 1536 308 1589 aut
336 1524 559 1606 etrspicabere:
595 1532 626 1585 et
650 1520 783 1591 manime
804 1523 842 1584 de
863 1521 1023 1605 legatione
1045 1524 1100 1601 (ad
1122 1524 1310 1608 Tigranem)
1329 1527 1405 1611 quid
1427 1532 1470 1597 sit

137 1632 282 1685 acturam
326 1619 484 1703 Equidem
507 1628 580 1680 ante
602 1636 696 1699 quiam
719 1625 789 1677 tuas
809 1615 871 1699 legi
893 1615 1016 1678 litteras
1036 1616 1194 1681 bominem
1215 1618 1263 1684 ire
1282 1625 1468 1705 cupiebam3

136 1736 202 1781 ιιοιι
226 1714 426 1787 mehercule,
461 1724 495 1775 ut
522 1711 683 1774 differrem
711 1730 781 1771 cum
813 1730 853 1773 eo
886 1708 1096 1774 vadimonium
1122 1746 1165 1759 -
1191 1735 1261 1776 nant
1292 1715 1369 1779 mira
1401 1738 1469 1782 sum

137 1810 304 1873 alacritate
328 1810 369 1870 ad
394 1806 579 1890 litigandum
605 1827 665 1877 -ι
700 1806 757 1867 sed
783 1803 951 1866 ridebatur
978 1803 1070 1880 mibi,
1105 1805 1132 1869 si
1161 1807 1237 1890 quiid
1261 1823 1344 1874 emet
1370 1810 1401 1875 in
1428 1834 1469 1879 co

137 1904 316 1989 popnlare,
342 1903 430 1987 qttod
451 1899 594 1983 plebeios
608 1899 711 1962 lacteis
726 1909 828 1972 esset,
853 1897 885 1960 iu
901 1895 1086 1962 amissurus.
1131 1900 1218 1980 Quid
1239 1902 1320 1966 enim
1342 1907 1381 1968 ad
1403 1907 1472 1989 ple·

138 2000 210 2061 laem
230 1994 399 2061 transisti?
422 2007 455 2057 ut
477 1994 652 2079 Tigranem
674 1992 738 2054 ires
756 1990 948 2054 salutatum?
972 1993 1075 2055 Narra
1099 1994 1190 2057 mibi:
1215 2016 1309 2081 reges
1325 1999 1471 2066 Armenii

138 2091 295 2177 patricios
317 2090 457 2152 salutare
479 2110 541 2153 ooo
564 2086 691 2151 solent?
714 2085 798 2165 Quid
820 2084 970 2169 queaeris?
992 2088 1156 2150 Acuebam
1177 2110 1227 2153 me
1246 2093 1284 2153 ad
1305 2093 1470 2178 exagitan-

139 2190 209 2251 dam
231 2186 318 2249 banc
338 2187 406 2247 eius
427 2181 631 2268 legationem.
683 2181 784 2261 Quam
808 2180 834 2242 si
856 2179 908 2242 illc
930 2183 1124 2256 contemnit,
1155 2195 1186 2245 et
1207 2183 1251 2259 si,
1283 2197 1318 2249 ut
1339 2188 1467 2268 scribis,

140 2280 234 2345 bilem
264 2279 299 2343 id
326 2288 510 2341 commovet
538 2288 568 2338 et
596 2275 750 2339 latoribus
772 2286 804 2337 et
825 2272 1006 2355 auspicibus
1030 2276 1111 2355 legis
1137 2279 1308 2354 eteriatae,
1344 2294 1471 2362 specta·

140 2376 246 2439 culum
277 2371 478 2458 egregium.‘²
515 2374 552 2432 ad
581 2373 652 2434 Att.
678 2369 727 2432 lt.
757 2371 795 2443 t,
826 2367 857 2429 2.
904 2364 1004 2432 Cool.
1036 2370 1102 2434 Dio
1126 2368 1257 2436 Cassius
1280 2375 1469 2442 XXXVll.

141 2470 195 2535 51.
219 2468 396 2533 XXXIX.
421 2469 474 2528 11.
497 2465 612 2529 XLV.
637 2466 668 2528 5.

227 2562 401 2645 „Tertium
423 2572 571 2644 nepotem
594 2556 774 2643 Agrippam
805 2555 962 2640 simulque
990 2557 1172 2644 privignum
1197 2561 1363 2626 Tiberium
1396 2566 1473 2628 ado·

141 2658 244 2744 ptavit
267 2660 463 2739 (Augitstus)
484 2655 516 2717 in
539 2654 617 2717 soro
640 2655 712 2736 lege
732 2651 901 2715 cariata.”
930 2651 1063 2715 Sueton.
1089 2655 1177 2736 nug.
1201 2655 1254 2718 65.
1277 2688 1318 2703 -
1343 2658 1472 2740 „Galba

142 2752 341 2837 apprehensa
364 2750 493 2815 Pisonis
516 2769 607 2810 manu
628 2747 660 2809 in
682 2749 766 2809 herne
784 2749 909 2810 modum
927 2746 1052 2809 locutus
1067 2747 1187 2811 fertura
1212 2751 1251 2814 Si
1265 2761 1298 2813 te
1310 2753 1471 2833 priuatus

142 2848 219 2933 lege
237 2846 420 2910 cariata
440 2843 536 2926 apud
554 2841 653 2925 ponti
661 2840 759 2916 dees,
792 2852 831 2903 ut
852 2840 961 2904 moris
981 2853 1048 2916 est,
1081 2843 1300 2924 adoptarem,
1332 2856 1366 2910 et
1388 2847 1473 2911 milri

143 2942 326 3026 egregium
355 2951 430 3002 erat
452 2937 562 3001 Gnaei
586 2936 736 3017 Pompeii
758 2946 790 2998 et
813 2935 931 2999 Marci
962 2932 1078 2999 Crassi
1100 2939 1251 3002 subolem
1274 2941 1310 3002 in
1327 2956 1473 3023 penates

145 3056 239 3099 meos
260 3034 469 3108 adsciscere,
493 3043 526 3095 et
548 3031 610 3093 tibi
632 3030 768 3112 insigne
789 3029 962 3110 Sulpiciae
983 3050 1025 3091 ac
1047 3032 1209 3095 Lutatiae
1231 3034 1357 3097 decora
1378 3036 1474 3099 nobi·

145 3130 235 3194 litati
255 3141 338 3191 tuae
360 3124 560 3189 adiecisse.‘'
607 3123 711 3184 Tacit.
736 3122 822 3185 Hist.
848 3123 877 3186 l.
903 3124 952 3185 15.

232 3218 380 3306 Curiata
409 3220 523 3282 dicitur
552 3217 705 3300 qtticquid
733 3215 765 3278 in
795 3217 931 3279 comitiis
960 3217 1088 3280 curiatis
1119 3224 1156 3282 ad
1180 3223 1331 3303 populum
1354 3222 1471 3289 fertur.

147 3320 211 3383 Sed
238 3330 387 3397 tempore
417 3313 602 3386 Ciceronis,
636 3310 770 3373 inductis
798 3311 940 3386 tributis,
976 3335 1046 3374 cum
1075 3315 1309 3379 obsolevissent
1340 3319 1471 3397 curiata,

147 3427 193 3489 (ι.
214 3414 322 3477 Gran.
347 3410 488 3474 Observ.
512 3408 576 3469 lV.
603 3409 633 3468 l.
657 3407 741 3487 Agr.
767 3405 813 3468 ll.
834 3409 901 3479 11.)
924 3427 982 3487 per
996 3409 1138 3488 (XXX.)
1152 3411 1280 3475 lictores
1304 3414 1335 3477 in
1350 3417 1472 3480 duabus

147 3507 249 3569 carreis
273 3507 489 3576 habebantur,
515 3503 618 3581 primo
642 3500 742 3562 dere
765 3498 925 3573 militari,
951 3502 1059 3563 deinde
1082 3504 1123 3566 de
1144 3507 1341 3589 adoptione.
1377 3512 1471 3587 Nam,

148 3612 181 3663 at
201 3598 323 3665 Cicero
347 3598 388 3660 ait
411 3597 440 3659 in
458 3594 595 3679 Agraria
622 3594 664 3659 ll.
689 3594 737 3657 tt.
759 3615 825 3655 rem
849 3595 1012 3656 militarem
1037 3599 1256 3675 continebant,
1282 3624 1385 3687 neque
1407 3605 1473 3668 cui·

148 3716 240 3779 quiam
264 3693 381 3756 licebat
404 3712 470 3753 earn
493 3689 648 3772 attingere
670 3687 736 3749 sine
759 3688 832 3772 lege
854 3688 989 3750 curiata.
1013 3688 1112 3753 Conl.
1139 3695 1211 3756 Lex
1234 3695 1408 3760 Canem
1432 3698 1475 3761 de

144 3811 245 3873 proc.
269 3787 347 3851 ord.
391 3786 476 3848 Hinc
497 3788 572 3866 lege
594 3782 731 3843 curiata
752 3781 874 3844 ornari
895 3783 1008 3844 ibidem
1032 3805 1061 3847 c.
1087 3788 1135 3849 10.
1159 3801 1218 3860 cst,
1256 3792 1390 3853 consitiis
1418 3814 1473 3854 cu-

148 3884 234 3946 riatis
259 3881 405 3962 accipere
427 3879 593 3960 imperium
617 3888 647 3937 et
670 3886 858 3957 potestatem
878 3876 925 3937 rci
945 3876 1088 3940 militaris
1103 3883 1378 3946 administrandae.
1423 3883 1474 3949 De

147 3976 334 4061 adoptione
362 3986 465 4035 autem
496 3970 672 4052 eaernplum
703 3980 789 4032 catat
819 3971 859 4032 P.
890 3968 1013 4047 Clodii,
1048 3973 1101 4056 qrti
1129 3976 1265 4039 comitiis
1293 3976 1422 4042 curiatis
1456 3998 1473 4042 a

147 4071 278 4156 plebeio
300 4073 470 4149 adoptatus
493 4079 553 4130 est.
599 4067 681 4127 Ean.

542 4242 714 4308 Crantoris.
759 4242 837 4306 Vid.
861 4245 1076 4310 Scnraomae.

516 4426 625 4490 Dacia
649 4423 690 4485 de
712 4423 903 4489 dreumoiris
926 4426 1115 4489 navalibus.

234 4552 333 4627 ,Dato
366 4548 497 4629 imperia
527 4568 567 4612 eo
596 4567 677 4610 anno
707 4552 754 4620 (u.
786 4568 815 4610 c.
851 4550 940 4626 tlt.)
973 4551 1039 4610 dari
1070 4563 1182 4631 coepta
1213 4574 1271 4633 per
1303 4556 1476 4638 populum,

150 4664 284 4735 utraque
314 4645 504 4727 pertinentia
535 4646 571 4704 ad
603 4666 668 4705 retu
698 4643 879 4717 militarem,
916 4665 1011 4705 titium
1041 4655 1076 4705 ut
1105 4646 1220 4710 tribuni
1249 4648 1377 4713 militum
1408 4655 1476 4717 seni

149 4743 220 4807 deni
250 4744 283 4805 in
313 4748 468 4825 qttattuor
498 4738 638 4819 legiones
668 4759 684 4799 a
714 4737 835 4819 populo
863 4748 1050 4799 crearentur
1079 4768 1118 4781 -·
1149 4774 1189 4787 -
1212 4772 1253 4787 ·-
1282 4745 1414 4807 alter-nm
1443 4758 1478 4808 ut

150 4835 340 4900 decemviros
363 4832 494 4895 navales
516 4830 624 4894 classis
654 4835 814 4895 ornandae
843 4831 1094 4918 reficiendaeque
1117 4855 1211 4898 caum
1233 4836 1315 4903 ldem
1337 4839 1477 4921 populus
