3202 5318
452 328 605 397 mnux
627 283 987 399 coruncanum.
1059 277 1070 288 ’
1282 334 1285 343 “
1326 332 1388 400 rus

69 468 128 543 17,
153 466 225 531 103.
248 502 290 515 -
317 470 426 546 Ades,
450 475 543 548 ades,
568 474 725 551 Luculle,
750 471 885 547 Servili,
910 474 983 535 dum
1006 470 1120 537 dedico
1145 474 1272 538 domum
1285 472 1390 539 11111-

68 560 176 635 ronis,
201 571 235 624 ut
255 562 329 625 milti
354 567 507 646 praeeatis
531 577 778 650 postemque
797 579 886 630 tene
901 565 994 629 atis.
1038 560 1123 629 lbid.
1148 566 1206 640 50,
1231 566 1305 631 133.

27 731 32 737 ,
151 655 463 722 Postliminium.
508 659 611 740 Quem
634 674 727 744 pater
748 673 896 724 suusaut
916 660 1055 742 populus
1077 658 1288 724 vendiditaut
1300 672 1392 743 pater

67 749 362 834 patruussdedidit,
386 754 612 818 ernullumest
632 754 945 838 postliminium
969 756 1008 816 ds
1031 754 1094 819 Or
1120 756 1156 828 1,
1181 755 1392 829 10,181.-
1440 741 1443 753 ¹
1524 815 1530 821 .

66 843 102 909 Si
129 840 201 927 quis
225 847 309 926 apud
340 866 398 910 nos
425 848 578 911 servisset
599 870 639 913 ex
664 848 788 931 populo
813 847 981 911 foederato
1008 866 1143 932 seseque
1167 847 1332 912 liberasset
1357 869 1394 912 ae

64 949 179 1022 postea
201 938 328 1001 domum
349 942 543 1018 revenisset,
567 943 742 1027 quiaesitum
764 954 811 1007 est
836 930 920 1022 apud
941 941 1076 1005 maiores
1099 953 1249 1016 nostros,
1271 962 1351 1005 num.
1365 942 1392 1007 is

65 1034 106 1096 ad
131 1052 207 1096 suros
231 1032 487 1113 postliminio
517 1036 698 1100 redisset
720 1047 753 1099 et
774 1035 930 1100 amisisset
950 1035 1034 1097 hauc
1057 1033 1233 1099 ciuitatem.
1266 1037 1305 1099 de
1328 1036 1390 1103 or.

68 1127 106 1203 1,
132 1127 191 1202 10,
218 1126 365 1190 180·-
398 1129 457 1193 Illa
484 1131 705 1195 controuersia
731 1151 855 1193 causatu
880 1128 975 1203 facit,
1005 1127 1190 1193 videaturne
1216 1127 1264 1202 ei,
1299 1150 1391 1211 quiem

66 1233 159 1303 pater
180 1231 324 1303 patratus
352 1223 522 1300 dediderit,
552 1223 580 1286 si
600 1225 626 1288 is
650 1246 714 1289 non
738 1224 778 1287 sit
797 1235 961 1305 receptus,
993 1221 1287 1305 postliminium
1308 1243 1391 1286 esse.

69 1317 110 1378 de
132 1316 193 1381 Or.
217 1315 253 1390 0,
276 1316 334 1389 30,
359 1316 432 1380 137.
464 1354 506 1365 -
539 1319 799 1384 Postliminio
821 1319 994 1381 redeunt
1020 1318 1118 1390 haec,
1142 1318 1258 1390 horno,
1281 1335 1390 1392 narn.

70 1408 174 1472 mulus
197 1408 399 1485 clitellarius,
435 1433 555 1495 equus,
590 1435 689 1496 equa,
724 1434 805 1496 quiae
829 1413 940 1477 frenos
961 1410 1108 1494 resipere
1130 1411 1225 1475 solet.
1271 1410 1389 1494 Topic.

71 1504 108 1579 8,
132 1502 185 1567 36.
208 1537 250 1552 -
271 1504 528 1571 Postliminii
551 1507 685 1572 notatio.
731 1508 816 1571 lbid.

156 1597 376 1662 Postulare
407 1600 616 1665 indicium.
660 1601 745 1665 Vide
768 1600 1218 1683 Iudiciumpostnlare.
1262 1596 1393 1661 Bono·
1491 1671 1499 1685 θ

70 1711 154 1755 rurn
176 1693 401 1771 possessio.

155 1786 378 1850 Postulata
407 1788 615 1854 civitatum
644 1789 889 1853 Sicularum:
928 1790 1094 1873 Rogare
1122 1798 1241 1873 atque
1270 1807 1392 1853 orare

68 1891 209 1962 patres
239 1882 518 1963 conscriptos,
553 1897 595 1947 ut
623 1896 869 1957 statuerent,
903 1904 948 1946 ne
980 1885 1201 1947 absentium
1235 1881 1392 1945 nomina

67 1974 369 2057 reciperentur.
408 1978 507 2040 Verr.
530 1978 653 2042 Aecus.
679 1979 714 2053 0,
741 1979 802 2051 10,
825 1979 898 2040 103.
919 2009 958 2020 -
993 1979 1045 2043 Ut
1065 1988 1220 2041 statuas
1240 1995 1288 2039 ue
1309 1973 1391 2051 cui,

65 2067 149 2132 nisi
180 2090 263 2133 cum
298 2068 333 2132 is
367 2073 412 2134 de
446 2071 662 2154 provincia
696 2071 970 2146 decessisset,
1006 2071 1318 2152 pollicerentur.
1351 2099 1393 2111 -

68 2164 202 2246 Rogant
223 2175 256 2226 et
278 2176 370 2226 orant
399 2164 494 2229 Siculi
518 2178 625 2248 patres
649 2165 868 2248 conscriptos:
904 2177 955 2228 ut·
972 2162 1106 2229 nostri
1129 2163 1392 2249 magistratus

70 2258 238 2340 posthac
267 2259 451 2321 decumas
481 2259 574 2343 lege
602 2258 825 2323 Hieronica
858 2262 1051 2322 vendente
1090 2258 1228 2333 Ne‚·in
1250 2255 1391 2319 cellam

72 2352 177 2434 quod
195 2344 433 2435 impedatur,
459 2353 684 2417 aestiment.
710 2388 751 2400 -
779 2355 838 2417 Ne
861 2354 1037 2415 absentis
1059 2372 1197 2414 nomen
1220 2348 1392 2430 recipia-

69 2455 148 2508 tur.
191 2445 283 2511 Ut'
274 2447 375 2530 upsis
405 2469 451 2509 ne
482 2447 608 2510 liceat
639 2459 794 2510 statuas
826 2459 1024 2510 statuere.
1067 2446 1169 2508 Verr.
1200 2447 1322 2510 Aecus.
1352 2441 1390 2520 0,

73 2540 132 2616 59,
158 2538 219 2602 116
241 2559 334 2624 “qq

154 2633 376 2698 Postulata
404 2636 587 2700 consulibus
616 2637 699 2700 edit
728 2633 908 2717 prouincia.
946 2624 1318 2707 veretrorum,
1344 2635 1393 2700 10

156 2729 718 2804 Postulationesesselori,
751 2729 945 2803 Saturno,
977 2730 1185 2811 Neptuno,
1215 2726 1390 2805 Telluri,

69 2822 129 2887 dus
151 2823 421 2887 caelestrbus
456 2829 495 2887 de
519 2826 660 2906 Harusp
687 2825 787 2904 Resp.
815 2824 873 2899 10,
897 2823 949 2885 00.

155 2917 326 2982 Postulo
349 2939 366 2979 a
390 2930 596 2999 praetore,
622 2929 660 2980 ut
683 2917 786 2980 alius
808 2918 910 2980 bona
932 2913 1393 3001 mihipossidereliceat

68 3032 117 3075 ex
139 3011 285 3075 edicto.
313 3033 373 3094 pro
397 3012 547 3091 Quinctio
572 3014 630 3088 17,
657 3015 709 3077 51.

153 3106 363 3171 Potestas.
409 3107 525 3192 Legati
542 3128 625 3170 mussi
649 3110 687 3168 ad
707 3106 899 3180 Antonium
925 3127 980 3189 qtu
999 3103 1196 3179 nuuttarent
1220 3113 1393 3167 tttettet

67 3200 976 3284 insenatuspopuliqueRomauipotestate.
999 3199 1142 3280 Philipp.
1167 3197 1206 3272 6,
1231 3197 1269 3271 0,
1294 3198 1326 3259 1.

154 3296 320 3360 Praeco.
366 3298 490 3360 Hortos
513 3296 720 3359 subiicere
744 3292 949 3377 praeconi.
973 3297 1012 3356 ad
1039 3298 1106 3358 Au.
1130 3292 1189 3366 10,
1213 3292 1327 3367 10,1.
1351 3324 1391 3337 -

70 3386 172 3454 Cuius
194 3386 279 3453 bona
300 3389 486 3464 venierunt;
511 3392 598 3453 curius
621 3411 684 3453 non
708 3393 803 3455 modo
821 3390 894 3452 illae
916 3387 1127 3470 amplissimae
1144 3386 1313 3460 fortunae,
1338 3386 1393 3446 sed

72 3483 163 3546 etiam
193 3483 294 3548 victus
330 3487 527 3568 vestitusque
556 3485 752 3548 necessarius
786 3487 858 3547 sub
894 3503 1101 3565 praecone
1132 3502 1203 3543 cum
1235 3481 1393 3542 dedecore

72 3577 280 3642 subiectus
311 3588 388 3652 est,
421 3579 445 3641 is
469 3600 531 3642 uon
560 3582 719 3642 111010οΧ
745 3600 875 3643 numero
905 3577 1052 3641 vivorum
1079 3578 1285 3644 exturbatur,
1317 3574 1390 3646 sed,

70 3672 100 3737 ai
128 3672 198 3736 lieri
222 3683 347 3756 potest,
372 3672 453 3734 infra
479 3673 571 3735 etiam
598 3684 742 3736 mortuos
766 3676 961 3734 auraudatur.
995 3690 1057 3752 pro
1080 3667 1231 3747 Quinctio
1255 3666 1312 3738 15,
1337 3663 1391 3727 dd.

70 3796 113 3811 -·
137 3766 221 3847 Quid
236 3777 297 3830 tam
316 3769 504 3840 absurdum,
529 3787 621 3850 quam
638 3764 665 3828 si
685 3765 828 3829 domini
819 3787 904 3828 uussu
919 3765 961 3826 its
984 3782 1134 3846 praeco
1156 3758 1389 3843 praedicet·

71 3858 237 3925 Domum
260 3862 522 3942 pestilentem
547 3860 700 3924 vendo?
729 3862 767 3922 de
793 3860 862 3924 Off.
885 3860 924 3934 3,
951 3858 1009 3930 13,
1033 3857 1084 3922 55.

156 3956 325 4019 Praeco.
370 3956 497 4018 Sutruma
526 3974 607 4038 quiae
636 3955 707 4017 sub
741 3974 944 4035 praecone
974 3950 1037 4014 suit
1067 3949 1214 4013 maxima.
1251 3949 1290 4010 ad
1319 3948 1390 4011 Ars.

119 4093 806 4227 Praedespraediaquevendere.
823 4139 1135 4207 VideConsuetn
1115 4137 1259 4200 ⁸¹-do.
1272 4136 1392 4199 Prae·

68 4238 187 4304 dtbus
210 4251 247 4302 et
269 4238 448 4320 praedius
471 4238 798 4319 populocauturn
824 4249 895 4298 est.
920 4237 1020 4297 Verr.
1037 4236 1157 4296 Accua.
1182 4234 1219 4306 1,
1238 4230 1296 4304 51,
1319 4227 1391 4291 110.

154 4333 321 4398 Praedii
344 4333 422 4396 lex.
456 4334 562 4397 Oratt.
588 4330 902 4403 Ρ111ἰ11.31,7107.

154 4424 438 4490 Praediivitia
455 4427 801 4507 praestaredebet
818 4423 1018 4486 venditor.
1042 4421 1126 4484 Vide
1143 4416 1390 4484 Reticentia.

153 4522 276 4585 Praei
299 4520 393 4583 mihi
414 4521 554 4598 (verba).
588 4540 651 4601 pro
674 4521 770 4581 domo
794 4518 853 4592 50,
880 4518 953 4580 133.

155 4614 459 4679 Praeiudicare.
505 4616 560 4678 Re
589 4611 867 4695 praeiudicata
898 4612 1120 4673 damnatus.
1154 4628 1217 4692 pro
1240 4605 1391 4674 Cluentio

72 4709 130 4786 17,
155 4709 209 4773 tlt.
