3202 5318
190 290 256 359 2811
362 368 367 375 .
560 314 574 327 “
669 288 1031 360 trtoueeoort.
1089 356 1094 367 .

191 434 412 513 referendam,
434 435 491 498 sed
512 435 550 499 ad
572 433 731 517 capotius
754 433 884 506 iudicia,
910 454 990 518 quiae
1010 441 1271 494 exercerentur:
1293 428 1520 499 selectis-iudi·

120 607 125 614 ὁ
190 528 301 603 cibus,
326 552 406 611 quae
428 527 615 591 iudiciorum
643 529 690 591 vel
712 528 930 610 quaestionum
955 527 1151 609 publicarum
1180 525 1420 589 nomiue'eraut
1441 525 1519 589 iusi·

184 621 292 709 gnita.
339 624 454 706 Longe
471 640 556 689 „vero
581 620 671 684 aliter
693 643 764 685 sese
788 643 840 683 res
861 621 973 692 habet,
1008 641 1175 692 neceam,
1207 641 1300 704 quiam
1324 633 1415 682 antea
1437 642 1520 704 pro·

192 715 302 799 posui,
338 715 516 797 explicandi
539 713 691 778 rationem
722 736 827 779 veram
857 737 926 779 esse
953 714 1119 799 quisquam
1143 714 1317 793 dubitabit,
1353 714 1407 799 qui
1430 714 1520 796 prius

191 806 264 874 Cic.
293 809 332 872 de
361 811 471 891 Legg.
503 808 567 872 111.
601 811 640 873 ts
663 819 695 872 et
720 811 771 874 16.
794 808 969 893 perlegerit
994 828 1030 869 ac
1052 809 1161 890 paullo
1184 807 1361 871 accuratius
1388 829 1523 892 perspe-

190 902 288 968 xerit.
334 904 492 986 Populum
516 903 597 965 enim
621 924 685 987 quo
708 925 800 966 sensu
824 896 937 966 dixerit
961 899 1110 978 Cassius,
1146 903 1196 966 vel
1219 901 1519 984 apertissime-iude

190 997 329 1079 perebius
353 1008 517 1079 praeterea
541 1009 666 1061 ceterae
689 999 778 1082 leges
801 996 998 1067 tabellariae,
1023 1017 1156 1080 quarum
1174 994 1292 1062 Cicero
1317 997 1382 1076 agit
1404 1017 1520 1060 censis·

191 1111 274 1167 nur,
309 1086 505 1176 quarrrliique
534 1093 617 1154 nulla
646 1113 709 1154 non
740 1089 1110 1168 adruodmnnmuilesto
1140 1092 1278 1173 pertinet
1307 1094 1344 1151 ad
1367 1090 1520 1166 comitia,

192 1186 267 1271 quid
294 1186 371 1249 baec
400 1182 513 1252 Cassia
539 1185 597 1248 sibi
628 1186 717 1256 velit,
744 1187 826 1249 baud
852 1186 998 1269 auribigue
1022 1187 1197 1248 declarant.
1242 1187 1294 1249 Ex
1324 1186 1387 1247 boc
1413 1195 1517 1249 atatem

190 1280 266 1347 loeo
291 1279 395 1343 sicui
425 1279 550 1344 residua
581 1279 639 1342 erit
663 1279 866 1343 dubitationis
889 1282 1040 1363 quedam
1064 1280 1115 1343 vel
1139 1279 1294 1343 levissima
1319 1302 1413 1362 pars,
1449 1300 1518 1345 eam

190 1376 289 1439 oredo
311 1394 446 1457 prorsus
469 1375 585 1437 delebit
608 1375 685 1437 alius
709 1377 791 1456 apud
815 1373 1005 1440 Ciceronem
1028 1375 1137 1449 locus,
1163 1374 1191 1436 iu
1211 1375 1303 1438 Brut.
1319 1395 1350 1436 c.
1367 1374 1442 1448 27„
1466 1373 1519 1439 ubi

190 1468 394 1554 quaestiones
411 1480 586 1551 perpetuae
603 1469 727 1531 disertis
743 1482 952 1552 opponuntur
971 1470 1074 1532 verbis
1095 1468 1205 1551 populi
1224 1467 1360 1549 iudiciis.
1393 1470 1519 1533 Verum

191 1564 379 1634 babearuus,
414 1563 534 1627 etiamsi
558 1565 644 1626 nullo
668 1574 762 1642 pacto
786 1585 895 1626 verum
920 1562 1029 1626 haberi
1058 1575 1179 1644 potest,
1217 1562 1388 1626 hebetioris
1413 1574 1520 1627 tamen

192 1675 322 1728 veritur,
358 1659 444 1739 quod
469 1659 631 1720 contendit
655 1654 820 1721 Ernestius
843 1657 874 1718 iu
899 1655 948 1722 Cl.
973 1655 1045 1722 Cic.
1069 1656 1100 1719 in
1126 1658 1195 1720 tud.
1223 1660 1306 1732 Leg.
1329 1678 1357 1718 s.
1384 1677 1416 1718 v.
1449 1657 1521 1718 Ta·

191 1747 406 1823 bellariae,
433 1751 554 1838 nopnisi
579 1773 615 1813 ea
636 1750 769 1834 intelligi
794 1752 910 1814 debere
931 1750 1170 1834 iu‹licia,-quae
1194 1752 1261 1813 lleri
1281 1751 1374 1814 solita
1397 1748 1519 1813 iruerint

189 1863 297 1908 coram
320 1843 476 1907 iudicibus
499 1845 641 1908 selectis:
675 1845 728 1927 qui
753 1856 856 1906 tanuen
887 1841 937 1904 illa
963 1848 1032 1922 lege
1057 1844 1166 1909 Cassia
1195 1844 1297 1910 omnis
1319 1844 1518 1927 optimatium

190 1956 217 1999 st
252 1937 312 1999 lata
337 1948 445 2020 potest
470 1937 533 2001 diei
556 1939 728 2002 sisctoritas
758 1942 809 2018 (de
842 1940 947 2022 Legg.
978 1940 1041 2002 tlt.
1076 1942 1127 2004 15.
1157 1943 1195 2004 de
1224 1939 1331 2004 Amic.
1366 1939 1419 2002 ¹2.
1455 1959 1516 2020 pro

192 2068 201 2091 .
260 2042 284 2094 t.
308 2053 338 2094 c.
364 2033 449 2107 18.),
481 2055 551 2095 cum
574 2033 634 2114 ipsi
660 2035 778 2095 imlices
801 2032 928 2105 selecti,
954 2044 1017 2094 tum
1044 2034 1197 2114 temporis
1224 2056 1263 2096 ex
1289 2034 1401 2096 ordiue
1423 2054 1517 2096 sera·

189 2123 277 2189 torio
300 2123 444 2200 oritmdi,
469 2125 667 2209 optimatium
689 2126 820 2191 factioni
840 2125 900 2189 iam
921 2139 1037 2208 sponte
1058 2149 1112 2190 sua
1135 2127 1254 2190 fuerint
1276 2124 1417 2190 addicti?
1443 2127 1518 2189 Huc

188 2219 330 2295 aceedit,
365 2223 470 2302 quod,
502 2242 561 2284 cur
590 2220 741 2286 exemerit
766 2234 878 2285 auctor
901 2220 1032 2285 Cassius
1054 2242 1093 2283 ex
1120 2221 1190 2303 lege
1211 2243 1266 2284 sua
1291 2218 1518 2301 perduellionis

188 2313 321 2390 iudicia,
346 2315 400 2378 vix
420 2328 585 2399 appareat.
631 2317 695 2398 Qui
714 2315 793 2379 enim
815 2328 946 2398 possunt
969 2316 1021 2377 1111
1045 2317 1264 2398 quaestionum
1289 2320 1516 2397 perpetua'rmn

188 2405 321 2486 iudicia,
345 2431 426 2493 quae
445 2431 555 2479 corarn
575 2411 699 2475 selectis
716 2431 758 2473 ert
773 2409 935 2474 senatorio
956 2409 1068 2472 ordine
1091 2409 1248 2473 iudicibus
1271 2409 1405 2481 fiebant,
1430 2428 1518 2472 com·

189 2503 315 2567 misceri
341 2516 436 2588 atque
458 2504 610 2569 conlundi
633 2527 702 2567 cum
726 2503 838 2587 populi
861 2502 1015 2578 comitiis,
1044 2513 1078 2567 ut
1102 2503 1176 2588 quid
1200 2505 1239 2565 ad
1264 2505 1396 2566 alterum
1420 2503 1518 2584 perti·

189 2609 279 2674 nest,
306 2600 347 2662 ad
366 2600 497 2662 alterum
522 2620 680 2685 peraeque
706 2598 848 2661 videatur
871 2596 1037 2679 spectare?
1064 2599 1151 2662 Pace
1174 2598 1300 2662 Ernesti
1324 2618 1394 2659 cum
1418 2597 1517 2680 Sigu-

190 2691 263 2765 nio,
297 2714 391 2774 quem
414 2693 572 2757 imsuerito
594 2693 647 2757 ille
670 2705 777 2769 taxat,
813 2692 998 2754 crediderim
1023 2693 1123 2776 legem
1150 2691 1291 2758 Cassiam
1319 2691 1516 2754 tabell-uriam

189 2787 386 2852 referendam
417 2810 486 2852 esse
515 2791 554 2852 ad
581 2789 692 2872 populi
714 2787 861 2862 comitia,
895 2787 1033 2870 ideoque
1055 2789 1113 2850 bac
1138 2809 1268 2872 quoque
1291 2787 1361 2872 lege
1385 2786 1517 2866 probari

191 2883 281 2966 quod
307 2886 553 2957 contenderant,
588 2884 776 2946 iudiciorum
811 2881 971 2963 antiquam
1004 2882 1157 2956 loruuam,
1194 2901 1383 2967 quamquam
1417 2879 1517 2943 fuerit

190 2987 400 3053 commutata,
424 2990 525 3042 tamen
550 2999 613 3042 nou
637 2976 765 3042 omnino
787 2974 979 3040 abolevisse.
1012 2977 1189 3040 Wirrtcrs.

360 3136 501 3202 Pertusa
524 3137 705 3201 tabellario

126 3234 131 3243 ¹
191 3257 777 3340 1111111011111111111111111.
802 3280 832 3321 u.
856 3257 929 3322 622.
959 3259 1022 3322 lata
1052 3271 1118 3333 est,
1150 3280 1251 3344 eaque
1276 3258 1449 3334 sancitum,
1479 3270 1519 3324 rat

189 3351 228 3417 in
246 3350 381 3437 legibus
402 3352 558 3416 iubendis
578 3374 619 3415 ac
642 3353 796 3416 vetandis
815 3355 966 3437 popolus
987 3353 1120 3417 tabellis
1146 3364 1314 3419 uteretur.

360 3508 495 3576 Caenia
516 3512 698 3576 tabellario
809 3536 812 3555 ⁴

191 3654 224 3699 1.
244 3652 281 3699 tt.
304 3631 377 3698 616.
399 3633 460 3697 lata
483 3645 531 3697 est
553 3654 654 3718 eaque
675 3647 820 3711 cautum,
845 3647 897 3710 ut,
922 3637 1008 3718 quod
1028 3657 1121 3697 taurim
1142 3634 1290 3699 iudicium
1306 3636 1380 3721 lege
1397 3635 1517 3702 Cossio

191 3736 358 3810 exceptum
383 3739 483 3806 esset,
506 3727 753 3811 perduellionis,
789 3730 820 3792 id
842 3750 971 3813 quoque
994 3731 1125 3794 tabellas
1148 3752 1219 3795 eum
1241 3715 1374 3811 reffquis
1396 3729 1516 3794 iudiciis

190 3841 374 3887 comminues
395 3822 541 3885 haberet.
585 3819 720 3885 Causam
745 3823 835 3885 buius
857 3823 937 3908 legis
960 3824 1108 3888 ferendae
1134 3824 1215 3887 benc
1236 3824 1381 3886 babuisse
1404 3823 1517 3887 dicitur

191 3917 276 4000 apud
297 3913 506 3992 Ciceronem,
531 3926 566 3978 ut
588 3917 783 3999 opprimeret
806 3914 848 3982 C.
871 3916 1043 3999 Popillium
1066 3918 1240 3983 inimicum.
1264 3919 1348 3983 Eau.

278 4007 378 4076 Conl.
403 4010 494 4075 etiarn
519 4008 590 4076 Cic.
612 4032 674 4093 pro
697 4011 833 4076 Plancio
856 4012 893 4087 6,
918 4011 969 4076 tu.
991 4022 1024 4076 et
1046 4012 1133 4078 Plin.
1157 4012 1261 4095 Epist.
1284 4006 1353 4077 111.
1376 4012 1432 4076 2⁰.

527 4143 692 4217 Timeri.
738 4152 816 4217 Vid.
840 4154 996 4218 Arenuru
1021 4154 1184 4216 Turrem.

391 4296 567 4359 Tereurru
590 4305 621 4359 et
644 4291 779 4360 Cassia.
824 4296 903 4360 Vid.
927 4293 1049 4360 Cassia
1072 4307 1103 4359 et
1127 4296 1316 4361 Tereum.

735 4448 970 4511 Tereurrnnu.

282 4568 347 4647 „a
370 4569 579 4633 Terentilius
599 4571 695 4635 Arsa
722 4569 867 4633 tribunus
895 4567 997 4650 plebis
1024 4542 1071 4647 eq*
1086 4587 1170 4630 anno
1193 4570 1241 4645 (u.
1264 4588 1294 4630 c.
1319 4568 1409 4649 291.)
1439 4569 1518 4634 luit.

197 4656 225 4723 is
253 4678 312 4741 per
337 4658 460 4743 aliquot
489 4663 554 4726 dies
583 4675 707 4746 patrum
730 4664 911 4748 superbiam
934 4664 974 4725 ad
996 4660 1122 4744 plebem
1150 4660 1350 4740 criminatus,
1383 4664 1519 4728 maxime

189 4747 232 4818 in
253 4753 418 4818 consulare
440 4755 605 4839 imperium
631 4770 788 4844 tamquam
808 4756 938 4821 nimium
961 4775 1021 4819 nec
1042 4753 1210 4820 tolerabile
1232 4754 1521 4825 1111111111111111”
