3202 5318
133 298 194 363 ini
261 264 268 283 '
715 297 865 362 sunna

220 445 325 506 Τοῦτο
348 446 382 505 δὲ
396 432 545 523 μηλόορ,
569 439 631 501 red
645 441 709 502 boc
730 450 769 500 tu
790 437 928 501 videris.
966 439 1005 501 ad
1025 437 1098 501 Au.
1119 434 1202 501 XII.
1227 436 1289 510 51,
1312 434 1346 499 9.
1375 435 1447 501 Alie

131 532 227 597 lectio
250 544 297 595 est

153 686 158 697 .
219 630 327 692 Τοῦτο
354 633 388 693 δὲ
406 642 489 711 μυῖα
517 626 600 707 inp,
627 630 689 690 boc
716 648 795 689 uero
821 627 989 711 quantula
1015 625 1160 689 meraca?
1205 624 1296 703 Quae
1326 624 1353 689 ai
1378 646 1450 689 vcra

135 731 238 794 esset,
270 732 483 802 contemptum
510 719 556 783 rei
581 720 795 804 significarent
818 719 875 781 ista
901 720 1016 792 verba,
1052 729 1086 781 ut
1110 716 1188 779 vidit
1212 717 1346 783 Bosius.
1391 719 1452 785 set

132 813 258 886 fateor,
283 813 357 876 mihi
378 814 477 900 magis
501 815 629 896 placere
651 813 781 879 alteram
803 813 988 887 lectionem,
1021 834 1113 895 quam
1132 810 1322 887 Victorius,
1346 812 1453 879 lunius

133 907 248 991 aliique
271 911 428 989 probant,
463 922 493 971 ct
516 921 622 971 servat
648 909 848 972 Graeciano:
885 912 993 974 Τοῦτο
1014 914 1048 974 δὲ
1070 904 1222 993 μηλόοῃ,
1251 907 1454 971 sedunens

134 1001 285 1075 videris,-
318 1005 403 1085 quosl
431 1000 682 1085 proverbialiter
705 1002 766 1066 dici
793 1003 934 1077 videtur,
969 1023 1038 1063 cum
1063 1004 1229 1066 ostendere
1260 998 1332 1085 quis
1363 1001 1451 1078 volt,

137 1095 230 1159 alium
257 1098 418 1159 remelius
443 1118 509 1159 rem
533 1097 703 1179 explorare
726 1107 757 1158 et
778 1096 949 1159 diiudicare
971 1116 1078 1177 posse.
1100 1100 1333 1180 pulvinata
1354 1094 1452 1180 μήὶη,

138 1192 225 1270 quod
255 1203 301 1253 est
323 1191 562 1253 instrumentum
593 1190 829 1275 chirurgicum,
864 1212 929 1274 qino
951 1190 1054 1253 solent
1076 1189 1228 1264 vulnera,
1265 1210 1360 1274 qum
1381 1211 1454 1272 pro·

136 1284 232 1347 lunda
257 1285 337 1360 sint,
371 1297 400 1348 et
421 1285 496 1369 quiil
524 1284 554 1348 in
581 1285 618 1347 iis
639 1287 750 1360 lateat,
786 1288 872 1368 qumi
894 1287 1119 1348 extrahendum
1147 1284 1207 1358 sit,
1242 1282 1451 1366 perscrutari.

134 1379 245 1458 Etym.
272 1381 325 1442 Μ.
354 1375 438 1463 papiu
463 1377 601 1464 ἰατρική·
630 1386 662 1445 δι’
679 1380 716 1460 ἧς
734 1385 935 1462 ullulantium
960 1379 999 1445 τά
1025 1374 1217 1464 πονούμενα·
1238 1384 1366 1463 μηλοῦν
1388 1379 1451 1466 γὰρ

134 1473 170 1538 τό
197 1478 361 1557 priapeia
393 1481 526 1558 λέγεται.
555 1475 642 1540 conl.
674 1477 786 1539 Studes
814 1477 844 1539 in
870 1483 976 1561 μηλη,
1001 1481 1145 1560 pulosia,
1171 1479 1327 1560 μηὶῶσαι
1350 1485 1384 1539 et
1410 1474 1452 1539 ilai

135 1566 306 1631 Kusterus.
352 1569 436 1631 Enu.

221 1657 497 1747 Τραπεζοφόρον,
527 1667 823 1748 trapezopboron,
847 1664 984 1727 stilorum
1014 1684 1148 1725 mensam
1176 1662 1356 1739 susstinens,
1386 1663 1450 1730 sire

138 1754 217 1818 illud
238 1754 277 1818 sit
296 1757 483 1828 columella,
508 1757 575 1820 sive
591 1758 712 1841 signum
733 1760 860 1841 aliquod
881 1759 921 1820 ita
941 1758 1192 1830 conformatum,
1217 1770 1251 1819 ut
1268 1757 1368 1840 capiti
1386 1758 1452 1823 eius

136 1861 166 1912 ct
188 1849 328 1912 manibus
352 1850 440 1913 elatis
463 1850 582 1935 imponi
601 1874 704 1915 mensa
729 1866 758 1914 ct
779 1853 952 1916 consistere
976 1850 1090 1932 possit.
1140 1850 1259 1929 „Quod
1278 1851 1335 1914 tibi
1358 1852 1452 1917 desti·

137 1965 229 2006 naras
256 1943 518 2034 τραπεζοφόρυν,
547 1944 575 2011 si
597 1959 627 2009 te
650 1948 800 2018 delectat,
834 1948 978 2010 babebis.
994 1949 1012 1972 ’'
1056 1948 1095 2007 nil
1117 1945 1207 2011 Fam.
1229 1946 1314 2010 vlt.
1338 1946 1399 2022 2³,
1422 1946 1451 2010 3.

139 2040 314 2120 Perperam
329 2040 494 2103 Ernestius
510 2052 540 2102 et
553 2041 723 2104 Scblitzius
739 2041 769 2103 iu
789 2040 896 2104 Iudice
914 2041 1023 2103 Latin.
1041 2038 1190 2102 exhibent
1205 2059 1319 2102 vocem
1337 2060 1455 2103 mascu-

136 2131 191 2194 lini
215 2133 264 2195 vel
286 2132 425 2196 seminini
450 2126 573 2216 geiseris
598 2136 899 2217 Trapezoplioros.
929 2134 1062 2198 Erroris
1077 2154 1133 2196 ens
1148 2132 1254 2217 arguit
1277 2154 1453 2216 prono-ru

136 2227 229 2311 quod
250 2237 298 2303 ct,
324 2228 377 2310 qui
400 2226 473 2290 alibi
496 2228 631 2313 legitur,
659 2227 789 2309 pluralis
810 2233 1076 2312 trapezopbora.

221 2326 316 2409 Τρεῖς
336 2322 525 2402 διοικήσεις,
554 2333 625 2387 trec
647 2322 830 2385 dioeceses.
878 2323 953 2402 „Ex
983 2320 1151 2405 provincia
1176 2341 1241 2384 urea
1266 2318 1450 2397 Ciliciensi,

138 2412 188 2479 cui
203 2417 264 2479 scia
280 2432 361 2501 τρεῖς
376 2422 551 2494 διοικηοεις
567 2416 720 2479 Asiaticas
734 2417 901 2479 attributas
917 2416 1047 2479 luissc.''
1071 2420 1110 2478 ad
1124 2417 1215 2480 Fam.
1233 2414 1335 2480 xllt.
1353 2417 1405 2493 67,
1422 2418 1452 2481 1.

222 2514 377 2594 Τρηχεῖ,
398 2513 468 2576 ἀλλ’
493 2511 603 2594 ἀγαθὴ
626 2507 858 2598 κουροτρόφος·
881 2511 921 2577 οὔ
943 2538 973 2577 τι
997 2510 1098 2595 ἔγωγε

216 2607 281 2681 'He
303 2618 396 2689 γαίης
419 2604 561 2689 δύναμαι
580 2613 815 2692 γλυκερωτερον
840 2604 922 2671 ἄλλο
945 2611 1086 2672 ἰδέσθαι.

136 2701 273 2780 Aspera
294 2700 354 2762 sed
371 2702 460 2763 boun
475 2721 664 2781 puerorum
685 2700 828 2762 unitrix:
853 2721 1067 2785 nequaquam
1088 2723 1154 2784 ego
1171 2704 1235 2763 bac
1257 2712 1357 2766 terra
1372 2720 1452 2784 poa·

136 2813 213 2854 sum
232 2791 365 2856 dulcius
381 2792 566 2878 quidquam
589 2794 756 2877 aspicere.
780 2797 819 2855 ad
843 2796 912 2858 Au.
939 2796 983 2859 ll.
1011 2798 1068 2871 11,
1092 2797 1124 2859 9.
1170 2797 1297 2860 Versus
1319 2792 1453 2860 Homeri

138 2886 256 2965 Odyss.
278 2915 308 2959 ι,
344 2889 397 2950 97.

224 2983 470 3067 Τριπολιτικός,
499 2982 742 3065 Tripoliticua,
773 2981 855 3044 liber
882 2982 928 3046 sic
950 2983 1138 3066 inscriptus,
1170 3005 1281 3065 nempe
1304 2983 1454 3048 Dicaear-

138 3072 206 3150 chi,
231 3075 319 3137 errius
345 3076 437 3139 etiam
461 3097 513 3158 ap.
536 3077 732 3139 Athenaeum
756 3076 821 3140 IV.
845 3099 878 3158 p.
905 3079 976 3144 ill,
1003 3080 1045 3142 A.
1071 3077 1200 3142 tuentio.
1224 3079 1309 3143 Era.
1356 3082 1457 3162 „Tpa-

140 3168 307 3235 πολιτικόν
330 3190 392 3231 nou
410 3166 537 3232 invenio
561 3183 591 3232 et
613 3170 775 3250 epistolam
798 3168 881 3248 eius,
907 3192 999 3254 quiam
1025 3175 1065 3233 ad
1088 3172 1316 3236 Aristoxenum
1339 3168 1454 3237 mirit.''

139 3265 178 3324 ad
201 3264 273 3325 Au.
297 3261 398 3326 xttt.
422 3262 480 3338 tt,
506 3264 536 3330 t.

224 3360 558 3442 Τριοαρειοπαγίτης,
582 3359 732 3422 eximius
747 3360 984 3445 Areopagitae,
1009 3359 1227 3424 severissimus
1248 3355 1359 3426 iudex.
1385 3359 1457 3441 „Ex

138 3471 203 3536 quo
226 3450 417 3512 intellectum
437 3460 487 3512 'est
514 3466 821 3538 τρισαρειοπαγίτας
843 3455 1028 3527 ambitum,n
1043 3453 1187 3527 comitia,
1216 3454 1454 3538 interregnum,

139 3543 349 3617 maiestatem,
372 3556 470 3608 totam
495 3547 630 3629 denique
652 3570 718 3609 rem
742 3546 899 3630 publicam
923 3546 1017 3612 flocci
1040 3569 1103 3611 non
1126 3548 1245 3612 lacero.
1260 3550 1278 3576 ''
1323 3551 1365 3612 aul
1386 3552 1455 3614 Att.

137 3639 202 3704 lv.
228 3639 287 3713 15,
311 3638 341 3703 l.

169 3804 172 3809 .
222 3733 365 3818 Τρόποι,
398 3734 509 3816 tropi,
541 3736 722 3798 verborum
743 3736 1018 3812 immutationes,
1049 3759 1119 3801 cum
1150 3740 1188 3801 ad
1212 3737 1304 3802 aliam
1326 3760 1394 3805 rem
1414 3738 1457 3805 ai-

137 3814 346 3911 gnilleandam
370 3830 602 3893 transferuutur
624 3851 716 3912 quiam
745 3833 877 3913 proprie
898 3833 1088 3916 significant.
1112 3833 1257 3913 „Oroari
1280 3834 1457 3898 orationem

138 3922 255 3987 Gracci
285 3933 418 4005 putant,
452 3923 478 3985 si
509 3925 679 3988 verborum
712 3924 984 3990 iusumtationiluis
1014 3937 1159 4000 utantur,
1193 3949 1275 4009 οιτον
1298 3929 1459 4011 appellent

139 4016 294 4100 τρόπους,
321 4029 352 4080 et
375 4018 600 4080 sententiarum
628 4018 846 4104 orationisque
868 4021 998 4096 formis,
1030 4042 1110 4105 qliae
1135 4034 1251 4084 vocant
1272 4020 1459 4107 σχήματα.”

141 4112 234 4173 Brut.
261 4116 320 4185 17,
345 4112 398 4176 bll.

224 4206 375 4290 Τόμβος,
409 4206 559 4270 bustum.
615 4209 752 4291 „Poena
783 4220 853 4282 est,
884 4209 910 4272 si
943 4209 1014 4295 qiiis
1045 4212 1170 4274 bustum
1197 4213 1287 4289 (nam
1322 4207 1356 4272 id
1383 4219 1462 4292 puto

139 4298 292 4381 appellari
316 4302 459 4386 τύμβον)
492 4313 545 4363 aut
567 4313 799 4367 mouumentum
826 4315 880 4366 aut
908 4302 1086 4369 columnam
1110 4303 1257 4382 violarit,
1292 4302 1462 4378 deiecerit,

144 4392 320 4478 fregerit.”
365 4398 404 4458 ‹le
427 4397 535 4481 Legg.
560 4396 606 4460 ll.
631 4396 687 4472 96,
714 4399 767 4460 bl.

226 4490 504 4572 Τυραννοκτόνοι,
529 4501 543 4552 t
542 4492 782 4580 yrauuieielae.
834 4495 964 4566 „Nostri
985 4495 1233 4580 τυραννοκτόνοι
1255 4494 1356 4578 longe
1386 4515 1465 4579 gen·

141 4580 215 4642 tium
240 4585 395 4646 abstrut.''
439 4588 480 4649 aii
501 4588 695 4651 rammi.
722 4588 779 4662 99,
811 4589 843 4651 9.
866 4618 908 4631 -
958 4590 1069 4670 „Nihil
1093 4589 1173 4652 cnim
1197 4590 1462 4667 rassiso‘tocxms

139 4696 230 4760 quam
259 4680 530 4759 τυραννοκτόνους
551 4681 580 4744 iu
604 4682 693 4745 caelo
717 4703 803 4758 esse,
835 4683 962 4763 tyranni
989 4684 1071 4749 lucta
1102 4682 1265 4747 delendi.”
1321 4687 1361 4747 ad
1389 4686 1464 4749 nu.

136 4770 237 4834 xlv.
262 4771 298 4846 (ν,
324 4770 356 4834 9.
