3202 5318
133 324 192 388 tot
732 320 886 391 INDEX

136 467 322 548 αἰνήσει,
350 464 449 550 sipi
470 471 907 551 κακοδαίμοιαιέκια;
940 475 993 532 ἐπὶ
1026 470 1088 531 rein
1115 468 1319 549 apamensis
1344 463 1446 543 (fort.

134 565 330 650 προγονικά)
347 561 631 645 ἀιδραγαὲιήματα
648 565 774 646 ἀπορίᾳ
796 567 863 642 ἰδίᾳ
886 563 1108 639 (torrentem)
1129 561 1372 645 προφερόντων.

220 659 271 726 Td
299 659 433 743 ἄμεινον
461 658 578 725 καὶτὸ
604 671 714 742 χεῖρον
740 667 775 722 ἐν
806 661 848 738 τῷ
875 659 1002 736 ἀφανεῖ
1025 655 1074 720 ἔτι
1104 655 1257 741 προεώρα
1282 656 1450 740 μάλιστα,

133 752 217 837 quid
237 753 358 817 melius
380 764 414 816 et
435 752 586 817 deterius
604 754 666 826 sit,
689 750 725 813 in
746 750 891 815 obscuro
917 750 1030 812 adhese
1051 750 1252 831 providebat
1282 751 1448 815 mian.

133 851 172 911 all
195 847 266 911 All.
290 849 336 911 X.
361 848 398 918 8,
424 848 454 910 7.
499 848 579 908 Sunt
598 849 697 908 verba
725 843 921 924 Thucydidis
944 846 983 906 de
1008 843 1225 913 Themistocle
1247 843 1278 907 Ι.
1304 843 1379 909 138.

217 943 265 1007 Τὸ
286 927 408 1028 γαῖρεῦ
420 944 485 1024 μετ’
507 945 589 1024 ἐμοῦ
595 990 603 1015 ,
624 940 760 1003 'iustitia
783 951 816 1002 et
837 939 964 1000 veritos
984 959 1008 999 α
1030 959 1083 1000 me
1106 949 1189 1012 stat,
1211 958 1252 1000 ex
1276 936 1447 1020 Aristoph.

131 1037 274 1102 Acharn.
300 1058 331 1099 v.
356 1038 429 1100 660.
481 1036 615 1117 ,Itaque
639 1035 793 1096 irascatur
817 1033 869 1113 qiu
893 1036 1000 1096 viriet:
1028 1031 1147 1112 patiar:
1175 1034 1212 1099 τὸ
1234 1032 1300 1120 γὰρ
1323 1025 1361 1098 esi
1381 1033 1454 1116 μετ’

109 1124 257 1217 'epoth''
303 1134 341 1194 ad
365 1131 524 1196 au.V1.
549 1128 639 1204 l,8.
684 1127 881 1212 viu-1196.
904 1130 995 1193 ταῦθ’
1016 1128 1053 1202 ὅ,
1076 1155 1107 1193 τι
1133 1127 1198 1211 χρῆ
1221 1133 1289 1193 κτλ.

216 1229 265 1292 Τὸ
283 1235 336 1293 ἐπὶ
353 1229 392 1313 τῇ
409 1229 504 1310 φακῇ
522 1225 644 1310 μόρον,
675 1223 711 1285 in
733 1226 821 1286 lente
843 1234 1073 1304 ungroentuma
1103 1221 1313 1303 proverbium
1335 1221 1375 1283 de
1395 1237 1448 1282 re·

132 1322 191 1387 bus
212 1320 306 1385 bonis
327 1321 358 1383 in
382 1340 421 1384 re
442 1319 496 1382 vili
521 1319 728 1400 consumptis.
775 1317 915 1401 „Legati
944 1328 1016 1379 sunt
1046 1316 1087 1396 Q.
1120 1316 1273 1380 Metellus
1301 1311 1450 1377 Creticm

132 1428 164 1481 et
186 1419 230 1479 L.
254 1415 389 1479 Flaccus
411 1424 461 1488 el,
491 1414 527 1478 ιό
549 1423 602 1478 ἐπὶ
625 1417 718 1498 φακῇ
742 1413 861 1496 μόραι,
892 1412 1047 1475 Lentulus
1072 1408 1221 1475 Clodiani
1242 1407 1370 1472 lilitts.”
1407 1408 1454 1471 'etl

49 1504 52 1509 ’
133 1513 203 1574 Att.
228 1510 257 1573 Ι.
283 1510 339 1581 10,
365 1509 397 1572 2.
443 1509 481 1572 ln
501 1508 608 1593 μύρον
629 1506 817 1589 intelligitur
840 1507 979 1590 legatio,
1011 1510 1120 1586 φακῆ,
1146 1505 1228 1577 iens,
1261 1503 1452 1567 esthentu·

130 1606 180 1668 lus
212 1601 399 1668 Clodianus.
450 1603 486 1666 ln
517 1624 557 1666 eo
586 1624 667 1685 ergo
697 1601 889 1679 legationem
924 1600 1001 1663 inale
1027 1600 1215 1663 collocatam
1247 1595 1339 1660 dicit.
1367 1595 1451 1658 Ena.

134 1698 196 1779 Qui
221 1708 366 1759 accurate
388 1707 419 1758 et
445 1696 576 1778 copiose
598 1699 635 1758 de
658 1696 804 1758 lenticula
828 1695 914 1777 egit,
949 1695 1150 1767 Athenaeus,
1185 1691 1326 1754 meminit
1355 1690 1452 1752 etiam

132 1791 288 1875 proverbi
310 1793 346 1857 ro*
373 1802 427 1857 sat
446 1795 486 1877 τῇ
506 1792 731 1876 pauperinus.
777 1791 858 1867 (lv.
882 1811 916 1869 p.
941 1789 1013 1853 160.
1038 1789 1079 1852 Β.
1102 1789 1195 1871 sqq.)
1224 1784 1347 1849 Scribit
1372 1803 1453 1870 ergo

139 1887 299 1951 locastsm
323 1885 485 1950 Strattidis
504 1887 536 1948 in
560 1884 743 1949 Phoenissis
769 1885 847 1947 hace
872 1883 1005 1947 dixisse:

343 1993 544 2062 παραινέσαι
565 1985 600 2045 de
624 1984 720 2061 σφῷν
740 2006 771 2044 τι
792 1979 957 2063 βοῦλομαι
978 1977 1096 2058 σοφόν·

342 2075 423 2140 ὅταν
446 2079 556 2155 φακῆν
577 2075 694 2154 ἕψητε,
707 2075 751 2157 μή
771 2073 886 2152 ’πιχεῖν
902 2074 1016 2156 μόρον.

134 2170 247 2254 quinus
277 2168 407 2232 Str-attis
434 2169 617 2249 Euripidem
640 2168 824 2239 cavillatur,
855 2178 934 2229 teste
963 2165 1141 2230 Aristotele
1170 2176 1244 2250 aspi
1268 2166 1453 2246 atoariorum

134 2277 191 2331 καὶ
212 2268 376 2342 αἰσθητῶν
402 2283 432 2325 c.
456 2262 502 2324 V.
526 2266 581 2344 (p.
606 2262 662 2333 83,
695 2265 726 2324 7.
750 2264 801 2323 ed.
826 2261 887 2324 Bk.
913 2260 1018 2336 mini:
1047 2263 1165 2338 ἀληθὲς
1191 2261 1257 2345 γὰρ
1283 2260 1366 2343 ὅπερ
1388 2262 1453 2325 Εὖ-

134 2366 264 2445 ριπίδηι
288 2358 442 2424 σκώπτων
465 2357 531 2423 slas
558 2357 727 2440 Στράττις·
753 2356 856 2434 ,iiior
878 2359 989 2444 ρακῆι
1013 2354 1121 2417 cet.'':
1158 2358 1244 2437 apud
1266 2351 1451 2436 Ettripidctn

134 2453 215 2518 enim
239 2454 269 2516 in
293 2452 477 2517 Phoenissis
500 2472 534 2513 v.
558 2451 632 2514 663.
656 2453 733 2512 haec
756 2451 924 2534 leguntur:

281 2544 295 2565 ⁸
344 2559 545 2630 παραινέσαι
567 2551 602 2610 δὲ
623 2538 718 2627 σφῷι
737 2572 767 2610 τι
787 2546 953 2629 βούλομαι
974 2537 1092 2625 σοφόν·

343 2642 424 2706 ὅταν
450 2647 545 2722 φίλος
568 2667 615 2715 τις
639 2653 700 2702 cet.

135 2734 295 2800 cavillatio
309 2756 389 2817 ergo
404 2735 460 2796 ista
478 2754 540 2794 non
564 2743 597 2794 ut
620 2731 836 2795 Valckenario
860 2731 957 2793 visum
980 2743 1028 2794 est
1050 2735 1089 2795 ad
1111 2733 1371 2797 consuetudinem
1387 2734 1453 2798 En·

135 2829 263 2911 ripidis,
287 2849 369 2890 voce
384 2827 490 2908 σοφός
506 2830 543 2888 dc
559 2829 655 2889 rebus
680 2825 836 2889 vilissimis
853 2826 974 2899 utendi,
999 2825 1209 2908 pertinuerit:
1236 2848 1308 2890 nant
1326 2828 1451 2891 Iocasta

139 2922 300 3003 Euripidis
329 2923 449 3003 optimo
478 2921 546 2981 iure
575 2919 631 2983 illo
659 2921 733 2982 loeo
761 2914 870 3000 σοφόν
897 2919 1003 2984 dicere
1030 2922 1157 3002 potuit;
1191 2923 1247 2984 sed
1277 2920 1388 2984 verbis
1416 2922 1453 2984 de

137 3038 173 3078 re
196 3015 287 3099 gravi
310 3027 338 3076 et
362 3014 441 3077 scria
466 3012 557 3074 dietis
580 3013 706 3077 Strattis
729 3013 759 3074 in
783 3035 817 3074 re
840 3014 957 3075 ludicra
983 3035 1058 3076 usus
1080 3026 1145 3088 est,
1169 3036 1252 3099 qliae
1273 3026 1322 3076 est
1342 3024 1453 3077 nattis-a

137 3109 262 3193 generis
284 3107 391 3189 poesis
414 3105 576 3188 parodici,
604 3119 636 3168 ut
658 3128 711 3170 res
733 3106 870 3169 comicas
885 3109 1005 3189 tragice
1027 3119 1157 3172 tractet.
1182 3108 1378 3173 Aristoteles
1400 3106 1454 3192 qai

136 3203 244 3265 verbis
272 3200 430 3263 Strattidis
459 3201 529 3262 volt
549 3199 753 3275 confirmari,
785 3203 871 3284 qtrod
893 3202 986 3275 dixit,
1019 3205 1115 3266 rebus
1138 3203 1381 3267 beneolentibns
1402 3200 1455 3264 stl-

136 3296 241 3360 mixtis
272 3315 417 3377 saporem
451 3317 514 3358 non
545 3296 721 3367 emendari,
762 3315 884 3357 sensum
921 3294 1087 3378 proprium
1126 3299 1298 3360 verborum
1326 3307 1453 3360 necinus

75 3454 80 3464 ,
135 3403 200 3466 est,
241 3392 296 3452 scd
337 3388 477 3452 eenricus
513 3388 581 3471 ipse
610 3388 678 3452 siue
708 3388 805 3451 dubio
834 3391 898 3453 hnc
927 3393 1056 3453 subesse
1091 3391 1213 3466 voluit,
1250 3412 1290 3453 ne
1321 3390 1393 3474 quis
1424 3389 1453 3453 in

135 3508 171 3548 re
206 3483 293 3547 nihili
324 3486 450 3546 inultum
481 3504 599 3565 operae
629 3495 809 3555 consumat,
851 3505 909 3544 neu
942 3504 993 3546 res
1027 3484 1182 3565 pretiosas
1214 3485 1329 3548 vilibus
1356 3484 1455 3550 admi·

135 3580 252 3642 scendo
285 3568 421 3659 perdat.⁰
463 3578 549 3640 Idem
585 3578 708 3639 videtur
742 3599 851 3640 sensus
887 3577 988 3639 inesse
1022 3578 1052 3639 in
1092 3578 1197 3641 verbis
1231 3578 1364 3661 Sopatri
1393 3580 1455 3644 Ps-

136 3674 217 3756 phii‚
247 3673 360 3754 paredi
384 3671 565 3749 clarissimi,
589 3695 681 3756 quein
710 3674 889 3735 Athenaeus
915 3672 989 3735 loco
1012 3672 1151 3736 indicato
1174 3673 1206 3736 in
1227 3677 1357 3756 Νεκυίᾳ
1380 3672 1456 3735 haec

137 3768 283 3852 posuisse
306 3766 425 3828 refert:

339 3860 477 3936 Ἴθακος
495 3861 685 3937 Ὀδυσσεύς,
710 3865 804 3925 τούπὶ
830 3865 868 3945 τῇ
885 3867 977 3945 φακῇ
992 3861 1115 3947 μύρον,

347 3964 492 4038 πάρεστι.
518 3958 659 4037 θάρσει,
687 3963 778 4038 θυμέ.

135 4049 239 4132 ipsum
273 4051 352 4115 onitu
381 4052 508 4114 Ulixem
536 4048 578 4110 ita
608 4049 799 4111 nominatum
823 4069 893 4111 esse
914 4048 1120 4123 crediderim,
1145 4059 1316 4130 cumpost
1341 4049 1457 4113 inultas

137 4146 211 4207 alias
240 4146 345 4206 larvas
376 4142 524 4206 leviculas
547 4142 615 4223 ipse
642 4163 770 4224 utroque
794 4143 1038 4224 comparuisset.
1084 4144 1231 4225 Denique
1253 4143 1456 4219 Varronem,

133 4260 229 4321 quem
253 4240 316 4301 hoc
339 4234 515 4318 proverbio
530 4257 619 4298 usum
636 4257 705 4298 esse
726 4237 826 4300 refert
850 4238 1045 4310 Athenaeus,
1071 4258 1135 4300 non
1152 4237 1243 4299 aliter
1260 4236 1457 4300 intellexisse

136 4335 230 4394 docet
257 4335 298 4395 A.
329 4330 452 4395 Gellius
476 4330 520 4393 N.
545 4332 589 4393 Α.
615 4330 673 4402 13,
709 4331 773 4392 27:
808 4334 864 4396 Ne
890 4335 991 4414 plone
1012 4329 1089 4409 fiat
1109 4352 1276 4414 graecum
1303 4331 1392 4397 illud
1415 4331 1460 4396 de

139 4425 309 4490 Varronis
330 4425 441 4487 satiro
460 4423 680 4508 prouerbium
709 4424 751 4489 τὸ
778 4436 843 4490 ἐπὶ
869 4432 914 4510 τῇ
937 4429 1050 4510 φακῆ
1066 4427 1206 4509 μύρον.
1237 4425 1461 4510 explicaverat

137 4518 218 4579 enim
242 4518 293 4578 M.
310 4519 455 4592 Fronto,
480 4539 537 4580 cur
552 4516 702 4581 Clamlius
720 4519 949 4601 Quadrigarius
972 4519 1078 4580 dicere
1101 4519 1257 4601 potuisset
1274 4542 1356 4584 eum
1372 4523 1461 4585 mesl-

135 4610 181 4672 tis
204 4611 404 4672 mortalibus
426 4632 487 4691 pro
511 4611 689 4674 homiuibus
706 4611 822 4687 miultis,
846 4613 1111 4697 ε’μφατικῶτιροι
1133 4613 1213 4676 enim
1236 4615 1355 4677 dictatus
1373 4636 1456 4691 esse,

125 4704 173 4766 -ibi
196 4701 293 4785 igitur
315 4703 357 4762 ita
386 4702 448 4765 diei
472 4724 534 4767 uon
557 4726 673 4785 posse,
698 4706 750 4767 ubi
773 4705 920 4789 ἔμφασις
946 4709 1029 4787 nialla
1063 4718 1159 4770 esset.
1208 4708 1383 4772 Sauream.

222 4795 359 4859 Tesoaih'
395 4799 413 4860 ὁ
444 4796 571 4879 τλήμων
592 4799 731 4881 πόλεμος
757 4800 977 4886 ἐξεργάζεται,
1007 4802 1094 4864 tolio
1122 4820 1370 4866 aerumnosum
1391 4802 1461 4867 lut·
