3202 5318
132 309 192 372 aas
612 301 762 366 runnx
783 301 963 397 naseu.

132 459 294 523 veterum,
328 444 383 530 qui
405 456 479 507 tuno
500 441 569 505 iura
595 441 822 514 condiderunt,
853 461 891 504 eo
912 461 963 502 res
984 442 1134 522 perducta
1157 449 1223 514 est,
1257 448 1293 502 ut
1319 441 1372 502 vel
1394 441 1447 525 qni

131 542 290 606 minimum
311 549 449 603 errasset
470 538 555 599 litem
578 537 742 616 perderet.
766 535 871 618 itaque
893 555 952 615 per
976 533 1079 618 legem
1106 532 1289 597 Aebutiam
1317 546 1349 596 et
1372 537 1447 597 duas

132 636 229 699 Iulias
250 633 391 697 sublatae
408 641 480 694 strnt
497 629 576 692 istae
596 627 675 712 legis
698 628 854 701 actiones,
878 627 1087 708 effectumque
1107 638 1155 688 est
1170 638 1204 688 ut
1218 647 1277 707 per
1293 641 1447 708 concepta

132 730 249 802 verba,
281 727 405 801 idest,
441 745 500 805 per
522 722 674 786 formulas
700 721 907 803 litigaremus.
962 722 1098 782 'lantum
1127 741 1168 781 ex
1194 721 1317 783 duabus
1347 720 1449 783 carreis

61 815 63 818 ’
132 813 316 893 permissum
345 820 392 872 est
419 809 511 893 lege
513 828 627 890 agero:
664 805 765 867 darrrni
788 805 925 880 iniecti,
941 816 972 866 et
999 805 1024 867 si
1050 805 1275 871 centumvirale
1303 804 1450 869 iudicium

189 902 351 966 ”Gaius
373 902 437 965 IV.
461 902 513 964 30.

217 997 354 1060 Diversa
377 1006 424 1057 est
448 994 546 1056 altera

712 1153 878 1214 Aesona.

217 1278 349 1359 „Leges
371 1285 443 1336 sunt
466 1283 611 1346 veteres,
635 1293 737 1355 neque
757 1293 812 1335 eae
831 1271 1029 1347 consulares,
1052 1273 1110 1335 sed
1129 1269 1335 1345 tribuniciae,
1360 1271 1450 1334 vobis

102 1411 107 1419 ·
136 1369 369 1450 rnaioribusque
396 1366 510 1428 vestris
543 1368 743 1428 vehementer
773 1378 882 1448 gratae
913 1376 1006 1449 atque
1038 1364 1203 1427 iucundae.
1247 1361 1374 1426 Licinia
1403 1374 1451 1426 est

134 1466 188 1527 lex
210 1475 304 1546 atque
327 1461 426 1523 altera
447 1460 612 1535 Aebutio,
642 1481 721 1543 quae
744 1481 807 1522 non
833 1461 928 1523 modo
951 1480 1040 1534 errrn,
1070 1457 1123 1540 qrri
1151 1457 1258 1520 tulerit
1281 1458 1320 1518 de
1346 1454 1450 1540 aliqua

135 1555 297 1618 curatione
320 1575 357 1616 ac
378 1564 549 1634 potestate,
581 1555 635 1615 sed
659 1553 748 1615 etiam
776 1552 917 1634 collegas
946 1550 1028 1624 eius,
1059 1563 1232 1634 cognatos,
1262 1548 1372 1612 affines
1394 1568 1449 1611 ex·

136 1649 228 1731 cipit,
253 1648 357 1712 neeis
383 1668 418 1711 ea
438 1658 579 1729 potestas
602 1646 766 1710 curatiove
789 1645 988 1709 ruandetur.''
1010 1646 1049 1707 de
1072 1645 1143 1728 lege
1167 1666 1239 1728 agr.
1262 1644 1311 1707 11.
1335 1643 1372 1720 8,
1394 1643 1447 1706 21.

179 1874 184 1885 .
221 1836 397 1916 Utramque
412 1833 592 1897 Aebutiam
609 1833 688 1894 male
704 1832 864 1895 intellecto
881 1831 976 1894 Gellii
990 1832 1082 1906 loco,
1101 1852 1191 1914 quern
1208 1829 1309 1893 Gaius
1321 1829 1450 1914 egregie

137 1929 289 2004 illustrat,
325 1928 520 1991 conitrndunt
545 1926 678 2009 Pighius
704 1928 791 1987 Ann.
818 1927 915 1988 Rom.
948 1928 991 1988 T.
1023 1926 1069 1988 ll.
1101 1947 1132 2005 p.
1161 1921 1212 1986 98.
1239 1946 1292 2007 sq.
1317 1944 1449 2007 eumque

41 2062 43 2067 »
136 2032 261 2085 secutus
285 2021 452 2083 Scbiitzius
480 2019 508 2081 in
533 2020 640 2081 lodice
670 2019 793 2100 legum,
833 2031 926 2101 atque
950 2022 990 2084 T.
1019 2030 1049 2081 et
1074 2022 1109 2086 C.
1136 2017 1293 2082 Aebutiis
1317 2016 1451 2078 tribunis

138 2112 241 2197 piebis
263 2134 293 2176 a.
317 2135 350 2176 u.
373 2114 447 2176 520.
468 2111 622 2174 tribuant.
667 2104 774 2174 Mrilto
797 2114 914 2173 rectius
943 2111 1127 2184 Ernestins,
1151 2130 1244 2193 quem
1273 2130 1339 2174 uon
1365 2112 1452 2185 dese-

139 2228 211 2270 rere
241 2209 375 2270 debebat
406 2206 522 2269 Indicis
554 2205 732 2267 Ernestiani
766 2206 995 2268 recentissimus
1029 2206 1133 2268 editor
1176 2205 1220 2268 A.
1258 2207 1305 2269 H.
1345 2204 1449 2275 Rein,

139 2299 254 2364 omissa
281 2301 438 2364 mentione
464 2298 593 2362 alterius
618 2297 697 2380 legis
725 2319 740 2358 a
769 2298 926 2361 Cicerone
950 2320 1013 2361 non
1037 2308 1249 2359 memoratae.
1281 2296 1453 2376 „Aebutia

139 2396 201 2482 lata
224 2405 271 2458 est
294 2396 333 2456 ab
351 2394 514 2464 Aebutio,
539 2393 689 2454 incertum
713 2413 776 2476 quo
798 2406 829 2454 et
853 2414 918 2476 quo
939 2391 1240 2473 ternporeff'quod
1261 2391 1452 2475 denumque

141 2510 249 2552 verum
273 2499 331 2552 est.
378 2485 475 2550 Cous
499 2485 609 2549 Baebii
632 2485 717 2547 Hist.
743 2485 878 2568 lurispr.
911 2488 1008 2549 Rota.
1031 2485 1076 2549 ll.
1099 2485 1130 2546 2.
1155 2490 1185 2560 §.
1211 2483 1265 2546 23.
1288 2488 1374 2559 et§.
1390 2478 1448 2547 95.

507 2647 617 2708 Astora
640 2645 681 2705 de
702 2643 844 2707 coloniis
864 2643 1080 2706 deducendis.

224 2764 352 2846 „Exitu
373 2764 444 2827 anni
464 2765 556 2827 huius
585 2768 632 2844 (u.
656 2787 685 2827 e.
709 2767 797 2845 559.)
820 2767 863 2847 Q.
885 2765 1006 2829 Aelius
1027 2764 1163 2827 Tubero
1184 2763 1329 2826 tribunus
1350 2762 1451 2845 plebis

141 2880 181 2922 ex
204 2870 328 2921 senatus
351 2858 495 2922 consulto
518 2857 589 2920 tulit
611 2861 649 2920 ad
670 2858 813 2939 plebem,
836 2857 1008 2942 plebesque
1030 2858 1138 2934 seivit,
1163 2857 1352 2920 ut-Latinac
1372 2859 1452 2919 duae

141 2952 303 3027 coloniae,
328 2973 389 3014 rana
408 2952 437 3013 in
454 2950 617 3026 Bruttios,
642 2952 737 3012 altera
757 2950 788 3012 in
813 2952 989 3013 'l'lrurinurn
1010 2972 1121 3034 agrum
1138 2953 1387 3015 deducerentur.
1406 2951 1453 3012 bis

142 3044 330 3107 deducendis
353 3043 506 3107 triumviri
530 3045 645 3121 creati,
670 3044 781 3128 quibus
803 3043 833 3105 in
853 3044 1017 3106 triennium
1035 3044 1195 3128 imperium
1215 3046 1332 3108 esset.’'
1376 3045 1452 3107 Lis.

143 3139 313 3201 XXXIV.
338 3138 389 3200 53.

642 3299 754 3360 Aeeta
777 3308 808 3360 et
831 3299 948 3361 Furta.

228 3418 384 3496 „Quaero
406 3439 421 3477 a
448 3428 494 3491 te,
517 3439 573 3479 cur
595 3415 636 3481 C.
661 3416 846 3481 Cornelium
864 3441 926 3482 non
947 3421 1160 3494 defenderem
1184 3439 1256 3480 num
1272 3417 1379 3505 legen
1399 3417 1454 3481 ali·

142 3531 233 3596 quaut
263 3508 433 3573 Cornelius
464 3524 575 3574 contra
599 3512 737 3592 aruspicia
768 3513 893 3576 tulerit:
928 3536 999 3576 nuru
1028 3515 1181 3589 Aeliam,
1216 3534 1287 3575 num
1384 3534 1454 3576 com

143 3605 245 3689 legem
269 3602 473 3686 neglexerit'’
501 3616 563 3666 cct.
609 3605 721 3668 Vatia.
745 3607 783 3682 2,
807 3607 839 3670 5.
868 3642 907 3652 -
942 3608 1066 3688 „Siroul
1093 3607 1185 3669 etiam
1208 3606 1285 3669 illud
1309 3607 1388 3672 volo
1410 3607 1453 3670 uti

143 3697 353 3779 respondeas,
387 3718 456 3759 cum
483 3709 513 3760 te
537 3698 664 3763 tribuno
691 3700 792 3781 plebis
818 3714 901 3763 esset
928 3701 1019 3763 etiarn
1047 3712 1110 3762 tum
1136 3701 1167 3762 in
1192 3721 1227 3762 re
1252 3699 1381 3783 publiea
1401 3699 1453 3762 lex

142 3791 244 3857 Aelia
264 3801 295 3852 et
316 3791 436 3869 dieseos
458 3813 538 3877 quae
557 3792 643 3877 leges
661 3814 887 3874 saepenumero
906 3795 1091 3857 tribunicios
1109 3793 1237 3857 sttrores
1252 3793 1455 3857 debilitarunt

143 3896 174 3949 et
191 3896 430 3966 represserunt3
454 3906 532 3970 quas
547 3902 657 3950 contra
676 3899 802 3968 praeter
817 3898 847 3948 te
864 3909 956 3951 nemo
971 3909 1105 3973 unquam
1122 3897 1169 3951 est
1183 3886 1453 3958 facereconatna3

142 3984 237 4061 (quae
260 3977 384 4059 quidem
410 3979 499 4062 leges
520 4001 602 4043 anno
628 3992 721 4062 post,
745 3981 923 4043 sedentibus
945 3981 976 4043 in
999 3982 1117 4062 templo
1144 3982 1269 4044 duobus
1287 4000 1354 4044 non
1376 3999 1456 4044 con·

143 4073 260 4134 solibus
284 4073 338 4134 sed
359 4071 578 4228 ριοῆοιίῑιιιι
599 4074 690 4136 buius
716 4073 849 4137 civitatis
876 4096 913 4136 ac
933 4074 1092 4155 pestibus,
1116 4095 1177 4136 uua
1199 4095 1269 4137 cum
1293 4072 1454 4155 auspiciis,

142 4187 212 4253 eum
229 4165 435 4230 intercession
437 4188 524 4244 ans,
542 4188 610 4229 cum
628 4167 712 4231 omni
726 4169 795 4231 iure
811 4167 938 4249 publico
955 4169 1251 4252 conflagraverunt·
1244 4173 1270 4249 .)
1290 4168 1457 4253 ecquando

143 4242 294 4321 dubitaris
322 4270 434 4323 contra
460 4281 512 4323 eas
537 4261 625 4345 leges
653 4283 723 4325 euin
753 4262 846 4343 plebe
874 4284 971 4346 agere
998 4275 1029 4324 et
1055 4260 1223 4326 concilium
1251 4260 1459 4329 convocare?

143 4372 215 4412 ιιιιιιι
245 4374 337 4435 quem
371 4376 412 4416 cx
441 4354 586 4417 omnibus
616 4353 750 4418 tribunis
783 4355 904 4437 plebis,
939 4355 1118 4440 quicunque
1152 4353 1295 4419 seditiosi
1327 4351 1457 4429 lurdat,

143 4454 205 4506 tam
229 4448 376 4509 audacem
399 4445 533 4512 audieris
555 4446 672 4525 luisse,
697 4460 730 4510 ut
752 4471 888 4534 unquam
912 4461 1024 4513 contra
1046 4451 1148 4533 legem
1167 4449 1304 4514 Aeliam
1326 4447 1459 4512 antiit·

136 4534 231 4613 seam
246 4539 414 4603 concilium
428 4542 653 4607 advocaret?”
696 4543 808 4606 Vatin.
832 4547 849 4606 7
860 4589 869 4620 ,
890 4544 942 4606 18.
965 4577 1006 4589 -
1028 4543 1214 4627 „Simulque
1231 4541 1307 4604 mibi
1322 4561 1458 4624 respon·

146 4632 220 4691 deto
239 4641 289 4703 tu,
314 4632 462 4715 quinos,
487 4636 541 4719 qui
560 4639 598 4698 de
616 4637 774 4701 communi
792 4638 891 4700 salute
914 4639 1144 4714 consentimus,
1167 4648 1322 4716 tyrannos
1346 4654 1454 4709 rocas,

145 4722 282 4787 leerisue
306 4747 367 4787 non
385 4728 526 4792 tribunus
543 4731 664 4813 plebis,
689 4733 742 4794 sed
758 4732 971 4795 intolerandus
988 4754 1027 4794 ex
1043 4752 1145 4795 coeno
1165 4728 1272 4795 neseio
1289 4728 1344 4814 qui
1360 4738 1455 4811 atque
