3202 5318
135 338 197 403 372
531 331 683 399 INDEX
703 330 1062 427 FORMULARUM.

225 475 400 548 Cenaeo,
423 470 564 537 formula
583 472 756 536 senatoria.
780 472 868 552 Quas
887 475 930 536 ob
951 493 1019 546 res,
1044 472 1132 555 quod
1151 466 1269 533 tribuni
1291 469 1339 550 pl.
1362 470 1466 533 rerba

85 567 88 575 ’
137 565 364 644 lecerunt,'de
386 587 428 629 ea
448 586 490 630 re
510 566 566 629 ita
588 587 747 630 censeo.
781 565 1128 649 Philipp.3,15,37.
1161 562 1307 645 Philipp.
1326 564 1465 639 10,11,

138 665 191 729 25.
236 664 341 744 Quas
368 662 419 726 ob
447 682 510 724 res
532 663 586 724 ita
610 681 766 724 censeo.
812 660 955 742 Philipp.
980 660 1018 735 8,
1045 661 1101 735 11,
1127 659 1180 722 33.
1213 692 1246 703 —-
1281 658 1345 721 Ita
1377 678 1466 720 cen·

137 778 205 823 seo
228 757 538 820 decernendum..
577 756 721 837 Philipp.
746 757 781 831 5,
808 757 845 817 17
856 799 865 830 ,
889 755 942 818 15.
967 789 1007 799 -
1029 754 1089 816 115
1112 772 1269 816 555555.
1315 751 1465 834 Philipp.

140 852 198 929 11,
224 852 281 926 11,
305 851 360 914 35.
382 884 423 895 -
446 848 616 914 Censeo.
661 849 806 931 Philipp.
832 848 889 925 11,
915 849 971 924 15,
996 849 1049 911 10.

223 943 442 1011 Censores.
464 964 526 1025 pro
551 941 702 1007 Cluentio
720 943 776 1019 13,
796 943 869 1006 122.
892 978 933 990 -
956 941 1165 1008 Censores
1181 951 1323 1003 senatum
1337 940 1465 1025 legunt.

136 1058 198 1122 pro
218 1032 367 1121 Cluentio
391 1038 447 1113 15,
473 1037 547 1100 129.
570 1069 611 1079 -
634 1036 794 1102 Censor
816 1036 995 1123 praelectus
1023 1034 1177 1099 moribus.
1202 1033 1286 1098 lbid.
1311 1066 1352 1078 —
1379 1034 1466 1097 Vide

137 1131 471 1199 Animadversio.
494 1130 737 1216 Ignominia.
762 1130 959 1194 Iudicium
982 1143 1109 1212 turpe.
1140 1129 1291 1193 Mores.
1318 1129 1464 1192 Notat.

138 1225 324 1292 Notatio.
345 1223 486 1290 Notio
503 1225 777 1308 Subscriptio.

222 1320 426 1387 Censores
449 1319 691 1401 apudSiculos
716 1318 1181 1396 11555.Α5555.2,52,131.
1205 1314 1463 1392 115111.55,137.

222 1413 442 1482 Censoriae
464 1414 639 1477 tabulae.
686 1413 902 1491 Centuria,
934 1426 967 1478 51
990 1411 1201 1476 555555155
1224 1409 1394 1474 tabulae
1416 1410 1465 1519 lo·

106 1509 734 1613 .5555155,155555515555555.
778 1509 1052 1584 0551.15,155.

224 1601 459 1669 Censorium
483 1624 619 1664 5555555
643 1602 702 1665 iam
726 1603 883 1684 populare
904 1614 998 1686 atque
1023 1601 1115 1665 etiam
1139 1599 1305 1683 plausibile
1328 1601 1462 1665 laetum.

138 1694 281 1781 11155551.
305 1696 340 1771 3,
364 1696 398 1759 8.

223 1788 463 1855 Censorium
494 1812 606 1872 epus.
653 1790 737 1853 Vide
761 1793 876 1873 Opus
897 1790 1142 1855 censorium.

223 1884 385 1950 Census.
430 1884 514 1948 Vide
537 1886 742 1948 Libertas

223 1977 554 2046 Centumvirales
577 2000 737 2043 causae.
767 1979 875 2043 151515
900 1980 1146 2063 usucapiouum,
1172 1981 1361 2060 tutelarum,
1383 2004 1461 2068 geo-

136 2073 301 2150 tilitatum,
326 2071 550 2173 agnationum,
576 2073 789 2147 alluvionum,
814 2074 1116 2163 circumluvionum,
1142 2095 1318 2151 nexorum,
1344 2077 1463 2141 manci·

136 2169 281 2253 piorum,
315 2166 487 2249 parietum,
522 2167 689 2243 luminum,
721 2167 969 2246 stillicidiorum,
998 2162 1257 2232 testamentorum
1287 2183 1459 2252 ruptorum

138 2276 190 2349 551
205 2276 361 2338 rarorum,
375 2272 614 2344 ceterarumque
633 2283 738 2324 rernm
757 2213 1029 2325 innmuerabilium
1049 2263 1118 2327 iura
1134 2274 1315 2327 versantur.
1338 2269 1380 2328 de
1398 2265 1459 2331 Or.

139 2344 173 2436 1,
198 2359 257 2432 38,
283 2356 355 2420 173.
380 2391 421 2402 -
444 2356 526 2420 lbid.
552 2357 612 2431 55,
638 2355 710 2421 238.
757 2355 840 2418 lbid.
865 2358 925 2431 57,
947 2358 1020 2420 215.

223 2449 1459 2534 Cereremantiquissimamplacarioportere:responsumlibre·

136 2569 207 2611 rum
229 2545 469 2626 Sibyllinorum.
514 2546 614 2607 Verr.
638 2547 758 2607 Aecus.
783 2546 818 2619 1,
844 2545 903 2620 19,
929 2546 999 2613 108.

222 2639 401 2707 Cernere
421 2639 701 2701 hereditatem.
725 2640 765 2699 ad
786 2640 877 2702 Fam.
901 2638 939 2713 9,
966 2642 1022 2715 11,
1050 2641 1080 2703 1.

123 2816 127 2821 Ι
222 2733 381 2799 Certus.
427 2735 545 2796 Patre
574 2743 686 2795 certo
716 2744 820 2794 natum
853 2754 933 2796 esse.
968 2756 1028 2815 pro
1053 2737 1087 2798 S.
1114 2735 1234 2799 Roscio
1258 2736 1374 2801 Amer.
1401 2738 1456 2811 15,

138 2830 190 2892 15.
221 2860 261 2873 -
292 2825 426 2891 055115
455 2826 681 2889 nominibus
705 2828 854 2909 grandem
881 2829 1043 2909 pecuniam
1070 2830 1189 2892 debuit.
1222 2850 1284 2911 pro
1308 2830 1458 2910 Quinctio

138 2925 195 2996 11,
212 2922 265 2985 37.
289 2956 327 2967 -
353 2922 525 2987 Praeterea
543 2921 802 3004 quemadmodum
824 2933 971 2984 certam
995 2924 1326 3005 pecuniampetere
1342 2924 1457 3007 possit,

137 3035 204 3080 non
220 3035 363 3099 reperio
386 3036 447 3099 pro
468 3014 1458 3087 1155515555555151,13.17155151151555.155555.

187 3104 558 3199 Circumpotatio.
604 3109 687 3171 Vide
711 3109 874 3173 Homini
898 3122 1067 3174 5551.555

222 3200 571 3285 Circumscriptio
593 3203 909 3266 adolescentium
935 3204 1089 3268 vindicata
1108 3216 1175 3268 5551
1190 3206 1260 3289 lege
1278 3206 1457 3271 Plaetoria.

137 3297 267 3363 515011.
290 3297 327 3373 3,
352 3300 409 3372 15,
434 3299 488 3360 51.

212 3342 497 3455 0115155555.
520 3414 582 3474 pro
600 3389 751 3455 Cluentio
777 3392 833 3466 17,
859 3392 944 3455 19.
936 3428 969 3437 -
999 3389 1138 3456 011515
1162 3415 1242 3459 reo.
1264 3395 1381 3461 Divin.
1407 3398 1459 3470 13,

135 3487 252 3549 11.-
280 3486 377 3549 Μ555
400 3486 475 3556 Kal.
499 3486 692 3560 Decembr„
719 3497 751 3547 ut
774 3484 936 3560 edixerat,
962 3486 1123 3549 Sthenium
1146 3488 1265 3551 511551
1289 3488 1455 3554 iubet.-

135 3577 247 3645 01151
267 3600 374 3643 reum:
398 3601 461 3644 noo
481 3584 667 3684 respondet.
692 3579 722 3641 15
743 3576 840 3642 Verr.
865 3581 984 3643 Aceus.
1009 3581 1045 3654 2,
1071 3581 1330 3664 enom-sq
1355 3585 1455 3664 Quem

132 3670 178 3747 is,
209 3685 243 3735 ut
265 3674 481 3739 Panhormum
506 3673 609 3749 venit,
644 3674 684 3735 ad
711 3694 745 3735 55
774 3673 883 3735 555551
908 3675 999 3736 etde
1024 3673 1171 3737 tribunali
1199 3675 1323 3739 citari
1353 3676 1456 3740 iussit.

134 3768 234 3830 Verr.
264 3769 384 3831 Aecus.
414 3768 450 3843 5,
477 3769 653 3842 7,15.-
693 3763 855 3830 0115155
885 3779 1052 3831 aecusator
1083 3789 1145 3832 non
1175 3772 1358 3851 respondit,
1396 3789 1457 3835 non

134 3856 246 3927 5511511.
269 3863 367 3953 Verr.
390 3860 510 3926 Aecus.
535 3861 569 3937 2,
595 3862 653 3935 10,
677 3860 794 3924 98.—
816 3862 877 3923 Est
898 3862 1046 3943 sapientis
1064 3862 1174 3925 iudicis
1189 3864 1456 3940 animadvertere

80 3957 83 3961 ’
135 3976 196 4040 qua
220 3954 290 4040 lege
313 3948 403 4018 rens
426 3955 597 4029 citetur,
623 3957 660 4017 de
676 3975 741 4038 quo
757 3974 814 4018 reo
831 3966 1025 4038 cognoscat
1051 3978 1197 4040 quaeres
1215 3978 1247 4020 m
1267 3957 1457 4043 quaestione

135 4062 294 4115 versetur.
317 4071 376 4132 pro
402 4047 551 4114 Cluentio
575 4048 633 4123 58,
662 4048 735 4112 159.

220 4142 350 4209 Civis.
385 4143 484 4206 Esse
506 4162 580 4225 pro
603 4141 637 4204 ci
650 4164 711 4217 ve,
736 4141 791 4226 qui
808 4141 886 4205 civis
903 4142 1036 4218 nonsit,
1059 4155 1178 4206 rectum
1196 4143 1457 4219 5515551155555

134 4255 227 4319 555555
251 4235 352 4319 legem
381 4230 521 4298 tulerunt
546 4234 765 4317 sapientissimi
789 4237 950 4311 consules,
987 4234 1122 4300 Crassus
1150 4250 1181 4300 et
1211 4238 1384 4303 Scaevola.
1418 4241 1455 4301 de

137 4328 206 4395 or.
230 4328 266 4405 3,
292 4330 349 4404 11,
376 4329 427 4390 17.
452 4360 491 4372 -
516 4330 589 4392 Non
613 4328 682 4393 sine
705 4350 797 4392 55555
818 4333 856 4393 de
879 4329 942 4396 Cn.
967 4331 1114 4394 Publicio
1137 4332 1339 4408 Menandro,
1363 4334 1456 4396 liber·

134 4419 202 4483 tino
219 4420 362 4498 homine,
387 4443 478 4505 555555
495 4426 577 4505 apud
599 4421 735 4486 iuniores
751 4423 848 4507 legati
861 4422 962 4486 nostri
976 4423 1008 4486 in
1024 4424 1189 4486 Graeciam
1212 4424 1455 4507 proficiscentes

134 4513 339 4595 interpretem
356 4535 460 4578 secum
477 4518 594 4579 habere
613 4518 799 4595 voluerunt,
821 4519 860 4579 ad
882 4518 1034 4599 populum
1056 4518 1171 4592 latmo,
1195 4530 1236 4580 ut
1258 4518 1294 4581 is
1316 4518 1456 4584 Publi·

136 4606 238 4681 cius,
262 4607 296 4671 si
318 4611 467 4674 domum
489 4610 720 4674 revenisset
742 4621 780 4673 et
802 4610 891 4674 inde
915 4612 1073 4676 Romam
1095 4610 1286 4690 redisset,
1320 4634 1367 4677 ne
1390 4611 1453 4675 551·

137 4720 206 4762 555
228 4698 331 4765 civis
353 4715 474 4766 esset.
511 4725 572 4785 pro
595 4704 698 4769 Balbo
723 4704 778 4781 11,
802 4705 854 4766 28.
879 4736 918 4746 -
942 4701 1067 4768 Cives
1085 4704 1184 4770 novi
1205 4717 1453 4792 veteresque

138 4792 323 4878 Agrigenti.
356 4796 458 4858 Verr.
484 4799 604 4860 Aecus.
628 4798 665 4874 2,
690 4798 747 4874 50,
773 4796 846 4862 123.
