3204 5296
517 328 948 407 oflbsscoabttuluus.
1347 335 1388 407 15

56 462 188 535 indicio.
232 467 431 551 „Romanae
453 482 555 536 autem
577 493 611 538 se
630 495 684 539 aes
709 471 757 539 sio
780 476 920 541 habent:
953 475 1086 551 seusun
1101 475 1238 565 Ἀρείας
1259 478 1388 562 πάγου

54 558 131 627 mil
154 562 377 642 oonstanlius,
402 563 480 629 nibil
500 565 666 644 severius,
690 567 768 665 nillil
788 569 949 635 lortius.”
970 572 1012 639 ad
1032 570 1104 637 An.
1125 570 1156 639 1.
1181 573 1238 651 14,
1269 573 1303 639 5.

134 658 266 743 Ἀρετὴ
289 679 355 723 non
382 671 430 731 est
449 659 619 738 διδακτόν,
650 660 763 729 virtus
783 676 926 729 nonest
949 686 1022 743 res,
1056 686 1153 752 pisos,
1161 666 1257 735 tradi
1273 679 1313 733 et-
1326 666 1389 733 do·

51 752 122 817 neri
142 754 271 837 possit.
291 756 332 817 ad
356 754 427 820 Au.
450 756 499 819 X.
517 757 577 831 19,
604 758 636 821 l.
659 755 711 821 De
735 777 800 841 qno
822 769 872 823 est
887 758 1058 825 Aeschinis
1079 759 1227 849 dialogus
1249 761 1280 827 1.
1301 762 1389 827 Eas.

132 846 230 936 ”qu
248 860 371 927 πνέων,
397 852 556 917 Martem
572 848 730 931 spirans,
754 853 793 943 de
817 852 856 917 iis
874 852 1008 931 diuitum
1037 855 1093 939 qui
1115 854 1187 939 ipso
1204 856 1296 922 voltu
1315 876 1390 919 orn·

52 940 221 1007 dalitatens
248 942 388 1029 aliquam
411 955 443 1008 et
464 943 631 1011 saevitiam
649 966 728 1028 prae
753 947 930 1015 scierunt.
973 950 1028 1013 Ex
1052 950 1207 1032 Aeschyli
1221 954 1341 1035 Agara.
1354 968 1389 1015 v.

54 1036 131 1105 nst.
152 1037 240 1105 Ean.
284 1039 377 1121 „Sed
402 1038 561 1104 minantur
582 1050 704 1117 tamen,
733 1038 766 1105 in
790 1042 967 1128 primisque
986 1042 1078 1133 Ἀρη
1104 1058 1209 1113 παίων
1231 1042 1279 1128 Q.
1296 1044 1392 1111 Sote-

53 1129 175 1196 rola.’'
220 1133 262 1197 ad
280 1133 324 1213 Q.
346 1132 393 1198 fr.
417 1133 487 1199 Illi
509 1135 549 1211 4,
573 1138 607 1200 6.

139 1224 332 1315 Ἀριστεία,
352 1226 759 1323 proeelomlnssooinus,
783 1231 911 1318 dignum
928 1234 1103 1322 ἀριστείῳ,
1127 1235 1161 1299 h.
1182 1258 1213 1302 e.
1226 1238 1389 1321 praemio,

58 1322 150 1406 qnod
170 1320 242 1385 dari
263 1322 348 1387 solet
369 1321 425 1398 iis,
461 1321 516 1408 qui
536 1324 786 1411 nilamnionem,
819 1327 843 1390 i.
867 1348 920 1405 e.,
945 1348 1014 1399 rem
1036 1330 1234 1412 praeclaram
1261 1345 1390 1419 gerunt.

59 1417 119 1493 ,0
140 1415 334 1482 Dolabellae
353 1416 618 1504 nustrimagnam
641 1420 863 1508 ἀριστείαν1”
906 1424 947 1495 ad
970 1422 1044 1491 su.
1066 1423 1169 1489 xlv.
1194 1427 1252 1505 16,
1285 1428 1319 1501 2.
1348 1460 1393 1475 -

59 1512 225 1588 Metuo,
250 1532 375 1596 nequa
399 1513 558 1599 ἀριστεία
576 1534 627 1577 rue
653 1514 823 1582 absente.''
865 1518 907 1581 ad
925 1517 998 1584 Au.
1020 1518 1120 1585 XVI.
1150 1519 1247 1585 9.-
1293 1524 1394 1612 Ἀρι·

58 1618 173 1675 στείρα
187 1604 301 1689 priore
318 1605 396 1671 loeo
413 1606 556 1690 appellat
577 1607 769 1674 Dolabellae
787 1631 858 1677 eos.
880 1610 1027 1691 larinus,
1058 1635 1131 1681 otum
1158 1615 1337 1683 columnam
1356 1617 1392 1687 ia

59 1698 213 1767 Caesaris
234 1701 387 1783 sepulcro
410 1701 596 1767 evertisseta
628 1705 668 1769 de
692 1728 759 1791 quo
780 1704 813 1773 itt
836 1707 1028 1795 Philippicis
1047 1708 1178 1793 passim.
1202 1712 1289 1779 Eunt.

136 1798 470 1885 Ἀριστοκραττκῶς,
497 1800 756 1866 accommodate
784 1800 832 1865 ati
856 1812 988 1871 statum
1010 1814 1045 1867 et
1075 1823 1216 1869 sensnm
1241 1806 1391 1891 optima.-

54 1891 154 1955 tium.
202 1893 314 1973 „Tum
338 1890 514 1974 Pompeius
539 1890 617 1977 μάλ’
645 1896 928 1984 ἀριστοκρατικὰ
952 1895 1081 1971 loeutus
1103 1909 1168 1975 est,
1198 1912 1391 1986 senatusque

53 1983 282 2050 auctoritatem
311 1984 373 2050 sibi
401 1986 551 2051 omnibus
575 1986 609 2051 in
632 1992 728 2054 rebus
753 1989 919 2055 maximam
946 1989 1047 2055 videri
1071 2012 1262 2080 semperque
1290 1995 1391 2061 visam

55 2100 121 2143 esse
144 2079 338 2163 respondit,
359 2091 391 2144 et
408 2080 440 2144 id
461 2081 567 2146 multis
585 2083 737 2159 verbis.”
769 2086 809 2149 ad
830 2085 903 2151 Au.
928 2085 959 2150 1.
987 2088 1047 2167 tl,
1081 2084 1116 2152 2.
1135 2118 1177 2131 —
1200 2087 1264 2165 ,In
1289 2110 1328 2155 eo
1350 2088 1391 2155 li·
1507 2134 1512 2149 .

54 2174 245 2335 :iouilibii
258 2175 367 2333 ιοέίίτέ
379 2178 415 2241 de
437 2175 605 2241 consulatu
625 2181 707 2259 suo)
730 2180 828 2244 multa
840 2191 915 2245 sunt
929 2179 1050 2265 scripta
1063 2184 1359 2272 ἀριστοκρατικοῖς.
1369 2182 1390 2215 ”

147 2278 188 2334 li.
249 2313 258 2334 .
312 2314 321 2345 ,
369 2314 380 2335 .

134 2365 420 2449 Ἀριστοτέλεια,
443 2363 701 2431 Aristotelicas.
727 2367 955 2448 ,Quaeautem
972 2370 1022 2436 bis
1037 2373 1238 2457 temporibus
1253 2375 1387 2460 scripsi,

54 2459 323 2547 Ἀριστοτέλεια
340 2481 460 2525 morem
478 2460 637 2524 habent.”
680 2463 719 2525 ad
739 2465 815 2532 Att.
835 2462 939 2531 Xlll.
961 2466 1022 2545 tt,
1046 2468 1080 2533 4.

134 2558 399 2645 Ἀριστοτέλης,
435 2556 656 2622 Aristoteles.
711 2559 751 2621 etl
782 2558 856 2625 Ast.
890 2561 957 2627 IV·
996 2562 1058 2642 16,
1091 2564 1128 2629 9.
1179 2564 1261 2631 Viti.
1297 2567 1390 2635 Ono.

55 2650 182 2715 nastie.
211 2673 241 2715 s.
263 2653 296 2719 h.
325 2675 360 2716 v.
598 2690 601 2697 ι
971 2679 979 2693 ‘

137 2748 411 2835 Ἀριστοτέλους,
433 2745 654 2826 Aristotelis,
679 2749 751 2813 soil.
766 2748 900 2813 suasio.
932 2750 1083 2823 „Mecum
1108 2753 1212 2818 babeo
1237 2767 1268 2818 et
1289 2760 1389 2849 Ἀρ..

55 2857 227 2926 eron-lonc
240 2861 273 2913 el
289 2851 487 2936 θεοπόμττου
506 2849 587 2934 πρὸς
607 2848 837 2932 Ἀλέξανδρον.
848 2841 866 2871 ”
887 2845 928 2905 ad
946 2846 1018 2909 Au.
1042 2846 1127 2911 XII.
1149 2848 1206 2924 40,
1231 2851 1264 2913 9.
1289 2850 1389 2919 Cous.

55 2947 93 3008 ad
118 2946 194 3009 Att.
216 2946 321 3009 Xlll.
346 2946 404 3021 98,
428 2947 468 3009 22
499 2945 612 3024 ,Quae
635 2955 707 3005 sunt
736 2941 777 3003 sd
798 2937 1020 3003 Alexandrum
1042 2941 1204 3005 hominum
1233 2944 1388 3031 eloquen-

54 3040 129 3104 tium
151 3051 184 3103 et
207 3042 378 3104 doctorum
398 3040 579 3118 suasiones,
605 3040 694 3108 vides
716 3035 831 3120 quibus
858 3033 888 3097 in
915 3036 1012 3097 rebus
1037 3035 1248 3100 versentur.’'

133 3137 336 3224 Ἀρκαδίαν.
392 3139 589 3201 Hexameter
619 3139 745 3221 integer
775 3129 821 3193 sic
850 3130 970 3191 habet:
1001 3130 1186 3213 Ἀρκαδίαν
1213 3135 1247 3217 μ’
1269 3142 1387 3215 αἰτεῖς,

52 3248 138 3318 μίγα
162 3235 197 3316 μ’
226 3241 345 3308 αἰτεῖς,
375 3231 416 3297 οὔ
443 3260 495 3299 τοι
520 3233 625 3310 δώσω,
656 3225 847 3296 Arcadiam
875 3245 928 3287 me
953 3223 1090 3306 poscis,
1122 3247 1198 3289 rem
1223 3249 1389 3313 magnam

55 3352 105 3391 me
122 3326 260 3411 poscis,
293 3348 510 3411 nequaquam
533 3329 635 3392 dabo.
692 3317 932 3393 Proverbium,
966 3339 1036 3381 oum
1071 3318 1142 3402 quis
1166 3322 1265 3401 petit,
1298 3327 1387 3406 qttod

56 3422 126 3485 lieri
147 3443 214 3483 non
235 3432 344 3501 potest
365 3433 417 3483 aut
440 3421 659 3485 difficillimum
677 3430 738 3481 est.
784 3415 817 3477 le
841 3432 953 3475 versus
978 3414 1112 3479 oraculo
1131 3414 1232 3478 editus
1256 3429 1323 3493 est,
1348 3419 1388 3483 de

57 3538 123 3600 quo
147 3517 339 3579 Herodotus
362 3514 387 3577 l.
412 3516 440 3579 1.
458 3537 488 3578 o.
516 3517 569 3580 66.
589 3539 624 3599 p.
649 3515 702 3578 96.
725 3513 776 3574 ed.
801 3507 916 3589 Stepb.
937 3508 1024 3572 Een.
1068 3508 1187 3588 ,Quod
1208 3509 1284 3573 mihi
1303 3533 1391 3577 man-

58 3615 114 3675 das
138 3613 178 3672 de
199 3609 320 3688 Quinto
342 3612 505 3694 regendo,
524 3613 725 3699 Ἀρκαδίαν.
736 3609 755 3636 ”
800 3606 840 3667 ad
863 3605 938 3668 Au.
964 3602 1012 3666 X.
1041 3602 1079 3678 5,
1108 3603 1138 3670 9.

138 3707 302 3791 Ἀρκτοι,
329 3725 451 3778 ursae,
476 3707 554 3768 diuae
571 3706 698 3779 stellae,
727 3721 860 3786 qsrnrum
888 3698 987 3761 altera
1010 3698 1102 3761 Urso
1126 3698 1256 3776 maior,
1288 3700 1389 3764 altera

58 3807 150 3866 Ursa
176 3801 292 3864 minor
318 3798 509 3881 appellatur.
565 3800 685 3874 ,Hisne
711 3795 866 3878 (polum)
892 3791 1011 3856 rirotsm
1035 3792 1152 3881 ἄρκτοι
1179 3795 1258 3857 ditae
1280 3795 1390 3858 ferun·

56 3909 124 3971 tue,
152 3913 314 3977 nunquam
340 3891 565 3958 occidentes.''
608 3897 648 3957 de
666 3894 745 3957 Nat.
773 3889 878 3953 Deor.
898 3887 947 3953 11.
975 3889 1034 3963 44,
1071 3889 1145 3951 105.

133 3992 325 4075 Ἀρμονία,
353 3988 541 4053 concentio.
592 3988 676 4069 „Est
703 3997 806 4049 alutem
832 4005 911 4046 unus
932 3981 1090 4061 (animun)
1114 4004 1155 4047 en
1172 3982 1318 4047 omnibus
1337 4003 1389 4047 ra·

53 4084 148 4150 tionis
173 4083 458 4166 contentionisque
473 4087 634 4171 (ἁρμονία
652 4082 781 4168 graece)
800 4078 1064 4161 sempiternarum
1083 4099 1191 4142 rerum
1209 4087 1241 4140 et
1259 4076 1320 4139 sub
1342 4075 1390 4139 in-

54 4178 263 4265 telligentiam
282 4177 460 4241 cadentium
484 4200 619 4260 compos
638 4190 669 4240 et
692 4175 866 4258 particeps.
876 4171 895 4201 ’'
941 4172 1028 4236 Tim.
1055 4192 1085 4235 e.
1109 4173 1143 4234 8.

128 4272 420 4356 Ἀῥρωστήματα,
442 4273 716 4358 aegrotationes.
762 4266 966 4331 Vocabulum
989 4265 1149 4342 Stoicum,
1176 4286 1217 4328 ex
1236 4276 1305 4327 arte
1325 4285 1389 4326 me·

55 4369 115 4433 dica
149 4367 340 4432 translatum
368 4379 399 4429 et
425 4371 604 4431 traductum
632 4368 671 4429 ad
695 4363 855 4436 animum3
880 4360 912 4424 in
938 4382 1003 4445 quo
1031 4381 1150 4446 genere
1171 4357 1389 4422 translationis

56 4465 134 4528 nimii
159 4476 255 4527 erant
274 4460 397 4540 Stoici,
419 4461 577 4545 inprimis
600 4458 817 4541 Chrysippus.
861 4456 900 4519 ln
924 4458 1029 4518 animo
1049 4455 1174 4535 itaque,
1204 4452 1290 4516 utin
1312 4473 1389 4558 eor·

55 4580 149 4641 pore,
176 4578 250 4620 esse
271 4555 397 4619 dicebat
419 4559 593 4641 νοσήματα
617 4568 649 4618 et
674 4555 940 4639 ἀρρωστήματα,
968 4569 1050 4632 quae
1073 4569 1115 4611 ex
1138 4545 1390 4630 perturbationi·

57 4656 108 4717 bus
131 4652 331 4727 existerent,
360 4673 429 4714 cum
452 4651 686 4715 inveterassent
705 4649 894 4732 penitusque
908 4644 1112 4719 insedissent,
1137 4654 1297 4727 tamquam
1314 4660 1391 4703 ava-

56 4750 175 4823 titiam,
206 4747 333 4833 gloriae
359 4747 579 4830 cupiditatem,
607 4743 881 4809 mulierositatem.
935 4737 1101 4803 Differunt
1128 4748 1234 4801 antem
1258 4735 1389 4818 νόσημα

56 4856 83 4909 et
97 4842 312 4935 ἀρρώστημα
335 4845 451 4928 gradu.
475 4843 560 4907 Eun.
602 4843 681 4917 ,Ex
701 4833 997 4923 perturbationibus
1019 4830 1157 4916 primum
1182 4830 1296 4897 morbi
1312 4848 1414 4941 eone,
1537 4808 1541 4817 ⁸
