3202 5318
621 330 772 407 tunttx
793 332 976 409 Locum.
1396 331 1457 421 sos

136 480 290 558 instituit,
324 484 379 546 sed
407 503 477 546 eum
508 480 542 544 in
567 492 755 546 testamento
777 482 933 569 rogavit,
949 492 984 545 ιιι
1002 452 1210 547 hereditatem
1232 484 1349 550 Fadiae
1375 486 1459 551 filiae

135 598 212 641 suae
233 578 396 640 redderet.
439 575 490 639 De
512 575 567 639 fin.
590 576 639 639 11.
665 580 722 652 17,
745 578 803 640 552
827 628 843 657 „
852 575 1001 641 Memini
1020 597 1074 640 me
1095 577 1215 641 adesse
1239 581 1280 645 Ρ.
1310 580 1460 645 Sextilio

135 668 255 763 Rufa,
290 690 369 733 cum
395 669 427 732 is
454 669 501 731 ad
521 671 652 734 amieos
680 693 753 734 rem
783 671 833 734 ita
862 666 1035 761 deferret,
1071 692 1107 735 se
1133 693 1207 735 esse
1233 674 1393 740 heredem
1413 679 1458 758 Q.

135 764 245 831 Fadia
264 764 382 829 Galla:
403 763 503 826 auius
520 765 557 826 in
571 775 774 829 testamento
789 765 956 846 scriptam
977 775 1084 840 esset,
1107 786 1144 828 se
1165 766 1209 829 ab
1225 788 1267 831 eo
1281 782 1459 854 rogatum,

133 871 176 922 ut
193 858 308 921 omnis
328 857 501 925 hereditas
522 858 570 919 ad
583 857 706 934 filiam
730 858 936 941 perueniret.
981 858 1024 922 ld
1046 859 1216 923 Sextilius
1228 858 1379 953 factum
1402 885 1460 928 ne-

135 953 253 1037 gabat.
303 952 445 1017 Poterat
474 963 590 1015 autem
617 952 766 1035 impune.
813 952 901 1034 Quis
933 952 1024 1014 enim
1055 952 1307 1037 redargueret?
1331 960 1461 1025 'Nemo

135 1058 295 1113 nastrum
314 1046 489 1119 credehat;
520 1056 661 1130 eratque
681 1045 753 1109 veri
776 1044 925 1109 similius
946 1047 1033 1107 huna
1057 1045 1213 1123 mentiri,
1235 1048 1333 1113 attius
1353 1051 1459 1117 iater-

136 1151 244 1215 esset,
274 1162 380 1225 quam
407 1142 521 1217 illum,
552 1139 613 1224 qui
640 1139 677 1202 id
698 1160 735 1203 se
755 1159 900 1222 rogasse
927 1138 1141 1221 scripsisset,
1170 1141 1264 1224 quod
1290 1142 1461 1211 debuisset

137 1254 277 1317 rogare.
321 1234 474 1300 Addebat
501 1235 607 1297 etiam
631 1254 667 1296 se
702 1233 738 1295 in
774 1234 885 1315 legem
912 1234 1132 1299 caroniam
1159 1235 1314 1301 iuratum
1339 1251 1463 1305 contra

136 1348 216 1389 eam
224 1325 358 1418 faeere
385 1349 453 1391 uon
481 1328 627 1403 audere,
662 1326 734 1389 nisi
757 1325 860 1388 aliter
885 1326 1006 1389 amicis
1033 1324 1219 1391 videretur.
1263 1330 1461 1401 Aderamue

137 1441 203 1484 uos
222 1420 358 1513 quidem
378 1421 626 1496 adolescentes,
649 1420 712 1483 sed
731 1420 837 1485 etiam
858 1419 958 1483 multi
978 1420 1185 1501 amplissimi
1206 1421 1293 1486 ciris
1313 1446 1461 1509 quorum

137 1535 240 1578 nemo
258 1514 390 1578 censuit
408 1517 489 1598 plus
514 1515 640 1579 Fadiae
666 1514 817 1577 dandum
844 1534 947 1598 quam
970 1523 1088 1595 posset
1118 1515 1167 1576 ad
1194 1537 1270 1580 eam
1293 1520 1370 1603 lege
1396 1542 1461 1585 oa·

138 1606 264 1672 conia
278 1610 471 1692 pervenire.
516 1609 625 1694 Atque
647 1607 747 1674 Gaius
768 1606 894 1692 quidem
917 1607 966 1671 11.
989 1613 1021 1684 §.
1044 1607 1119 1671 ttt.
1143 1607 1204 1673 aits
1227 1611 1308 1676 item
1327 1616 1460 1695 mulier,
1504 1636 1509 1649 ¹

138 1722 227 1785 quae
252 1702 297 1765 ah
317 1724 379 1778 eo,
409 1705 468 1787 qui
492 1714 628 1767 eentum
654 1701 751 1765 milia
770 1701 863 1764 aeris
889 1718 1012 1767 census
1042 1713 1114 1778 est,
1140 1724 1206 1786 per
1226 1706 1339 1789 legem
1362 1730 1461 1775 voca·

136 1794 233 1858 niam
244 1838 248 1845 -
260 1798 359 1859 heres
378 1796 514 1860 institui
531 1816 611 1859 non·
621 1807 753 1881 potest,
783 1809 897 1859 tamen
913 1794 1192 1873 fideicommissa
1219 1799 1374 1865 relictam
1394 1803 1462 1867 sihi

133 1888 361 1953 hereditatem
391 1912 514 1973 capere
538 1901 665 1972 potest.
709 1892 773 1954 Sed
797 1889 1038 1954 fideicommissa
1061 1902 1134 1954 ante
1158 1893 1298 1978 Augusti
1327 1909 1459 1962 aetatem

133 2002 246 2065 parum
269 1984 434 2059 valebant,
459 2005 637 2069 qnianqnam
656 1984 712 2068 qui
733 1982 857 2048 honesti
879 1993 985 2047 essent
1004 1995 1037 2047 et
1058 1985 1154 2067 probi
1176 2007 1233 2051 eos
1250 1988 1345 2051 fidem
1365 2010 1460 2073 prae-

134 2075 255 2141 stitisse
277 2074 397 2143 Cicero
424 2091 456 2141 et
479 2079 637 2142 hocloco
664 2078 739 2141 dicit
765 2088 796 2140 et
823 2089 935 2159 postes
956 2099 1016 2142 sno
1044 2080 1193 2162 exemplo
1222 2084 1458 2164 comprobarit,

133 2190 205 2233 cum
229 2170 388 2237 Rahlilius
412 2194 481 2235 eum
509 2173 657 2234 heredem
683 2171 812 2235 iecisset
836 2183 867 2234 et
893 2183 1059 2256 rogasset,
1089 2185 1124 2237 ut
1145 2176 1348 2239 hereditatem
1377 2176 1460 2241 filias

134 2263 338 2329 restitueret:
363 2288 396 2330 v.
419 2267 477 2329 Fr.
502 2265 641 2330 Fabricii
662 2267 776 2329 histor.
800 2264 872 2330 cie.
896 2287 926 2347 p.
951 2265 992 2329 90
1013 2288 1063 2349 sq.
1087 2269 1151 2345 (ed.
1167 2267 1295 2348 Orell.).
1324 2271 1366 2332 P.
1383 2269 1461 2334 Ser·

135 2358 229 2423 vilius
254 2360 355 2444 igitur
379 2382 412 2423 se
434 2372 466 2433 et
488 2382 505 2423 a
529 2360 572 2439 Q.
594 2359 695 2424 Fadio
718 2371 866 2443 rogatum
895 2379 964 2421 esse
991 2360 1119 2443 negavit
1142 2373 1173 2424 et
1197 2362 1355 2446 religione
1378 2363 1459 2447 legis

135 2454 294 2518 voconiae
318 2454 420 2518 teneri
442 2454 538 2529 dixit,
564 2475 603 2516 sse
627 2453 829 2516 hereditatem
851 2453 935 2514 filiae
955 2454 1046 2516 Fidii
1066 2456 1234 2529 redderet,
1258 2477 1329 2519 cum
1348 2476 1385 2519 ee
1407 2458 1460 2521 lex

134 2547 300 2611 mulierem
329 2550 476 2612 heredem
502 2549 575 2611 heri
605 2569 669 2610 nnn
697 2547 826 2610 sineret.
878 2547 983 2609 Etiam
1007 2546 1100 2610 amici
1120 2548 1248 2612 Servilii
1267 2549 1457 2624 indicarunt,

134 2640 254 2705 Fadiae
274 2664 338 2708 non
359 2645 429 2726 plus
451 2643 585 2705 dandum
609 2663 695 2716 csse,
721 2662 814 2726 quam
837 2644 878 2703 ad
899 2661 966 2704 eam
989 2662 1046 2723 per
1069 2642 1171 2726 legem
1194 2643 1362 2706 voconiam
1384 2644 1458 2725 p'er·

134 2735 246 2799 venire
268 2748 396 2818 posset,
431 2739 494 2801 hoc
522 2747 587 2812 est,
624 2756 688 2799 non
716 2735 787 2817 plns
815 2755 907 2819 quam
934 2735 1089 2799 dionidiam
1114 2747 1235 2818 partem
1260 2735 1457 2803 hereditatis.

133 2827 251 2893 Utrum
275 2830 432 2894 Servilius
451 2831 532 2892 hanc
551 2829 727 2892 nnsnicorum
749 2828 933 2892 sententiam
957 2841 1084 2893 secutus
1107 2830 1262 2893 dimidiam
1286 2841 1406 2912 partem
1428 2831 1458 2893 ei

133 2925 331 2989 concesserit
357 2947 394 2987 sn
421 2923 628 2987 hereditatem
651 2935 749 2986 totnun
772 2922 839 3005 ipse
862 2923 1001 3004 ceperit,
1033 2946 1103 2987 cum
1132 2923 1250 2987 Fadius
1273 2922 1357 2985 filine
1382 2921 1458 2986 nihil

133 3018 290 3103 legasset,
313 3019 468 3082 incertum
490 3030 553 3093 est,
578 3021 632 3080 sed
650 3015 817 3082 Ciceronis
840 3019 955 3080 verba:
979 3019 1089 3081 tenuit
1101 3037 1329 3101 permagnam
1343 3016 1458 3081 Serti·

133 3112 203 3175 lius
225 3113 448 3177 hereditatem
469 3114 604 3187 iaciunt,
635 3124 669 3174 ut
694 3113 756 3174 hoc
777 3111 935 3192 posterius
959 3111 1159 3175 verisimilius
1181 3133 1251 3175 csse
1273 3124 1393 3195 putem.

222 3207 296 3270 Alia
318 3208 420 3292 legem
442 3206 566 3269 ludendi
587 3206 669 3270 ratio
692 3207 769 3268 haee
783 3206 854 3268 luit.
901 3205 983 3270 Cum
1006 3206 1037 3268 in
1058 3227 1094 3268 ea
1115 3227 1179 3271 noo
1199 3207 1352 3289 scriptum
1376 3217 1459 3271 esset

133 3301 195 3386 qui
222 3312 357 3365 eentum
386 3302 481 3364 milia
508 3301 600 3364 aeris
622 3300 738 3373 hahet,
772 3302 827 3362 sed
855 3299 915 3384 qui
940 3313 1075 3363 centum
1103 3301 1199 3364 milia
1222 3301 1316 3364 aeris
1337 3321 1457 3365 census

134 3408 208 3472 est,
232 3417 321 3472 eum,
353 3396 407 3480 qui
435 3396 588 3478 proximis
615 3395 802 3459 censoribus
828 3394 1041 3479 qualicunque
1067 3396 1104 3457 dc
1130 3416 1222 3458 caussa
1247 3416 1374 3459 censum
1394 3418 1457 3461 ιιοιι

136 3488 303 3572 professus
325 3501 425 3564 esset,
454 3490 508 3574 qui
529 3501 605 3572 post
626 3510 682 3553 cos
706 3509 856 3551 censores
877 3509 990 3551 census
1014 3510 1077 3552 non
1097 3500 1198 3565 esset,
1229 3490 1302 3573 lege
1323 3488 1459 3555 voconia
1559 3540 1563 3548 .

136 3603 201 3646 ιιοιι
225 3583 327 3647 teneri
353 3584 514 3655 dicebant,
550 3585 592 3648 ita
617 3595 651 3646 ut
674 3584 702 3646 ei
728 3583 839 3645 liceret
867 3594 897 3644 et
921 3584 1083 3646 mulierem
1113 3584 1260 3647 heredem
1290 3583 1398 3647 facere
1426 3596 1458 3647 et

135 3688 288 3760 quantam
319 3678 416 3741 vellet
443 3678 565 3762 legare.
617 3678 698 3742 Cum
728 3697 808 3739 vero
841 3686 916 3758 post
949 3699 979 3739 a.
1011 3698 1044 3740 ιι.
1078 3699 1109 3740 c.
1140 3679 1214 3742 581.
1266 3678 1457 3743 Macedonia

134 3773 265 3842 subacta
291 3772 443 3834 tributum
471 3775 611 3855 pendere
639 3771 726 3834 cives
751 3770 889 3833 Romani
912 3770 1083 3845 desissent,
1119 3771 1210 3834 etism
1244 3792 1357 3835 census
1383 3783 1457 3853 post

133 3886 205 3928 eum
229 3887 341 3930 annnnm
364 3887 428 3929 non
450 3869 558 3930 eadem
581 3863 744 3950 diligentia
766 3875 797 3926 et
819 3864 989 3927 severitate
1013 3864 1139 3928 videtur
1157 3877 1287 3928 exactus
1303 3886 1389 3940 esse,
1413 3864 1456 3928 ita

134 3969 171 4021 ut
199 3960 284 4022 haud
310 3960 404 4042 parnei
430 3972 548 4036 essent,
581 3959 637 4045 qui
665 3979 732 4021 eam
762 3957 979 4040 exceptionem
995 3958 1220 4039 praeferrent.
1262 3957 1397 4022 Verrio.
1425 3959 1455 4023 l.

135 4054 196 4128 ll,
223 4055 301 4116 tot:
344 4056 382 4119 C·
405 4056 540 4118 Annius
566 4055 702 4117 Asellus
724 4063 880 4115 mortuus
905 4062 973 4126 est,
1007 4055 1045 4118 C.
1076 4052 1259 4116 Sacerdote
1280 4063 1456 4135 praetore.

133 4151 171 4213 ls
188 4169 267 4210 cum
286 4147 423 4212 haberet
442 4149 578 4210 unicam
590 4146 713 4224 filiam
730 4167 836 4229 neque
856 4167 978 4208 census
999 4156 1105 4220 esset,
1130 4145 1225 4230 quod
1238 4158 1366 4210 natura
1379 4148 1458 4211 har-

133 4243 290 4319 satum,
314 4245 374 4306 lex
395 4244 493 4307 nulla
511 4241 730 4326 prohibebat,
743 4237 858 4329 jecit,
882 4252 921 4303 ut
933 4239 1056 4317 filiam
1080 4240 1178 4303 honis
1204 4241 1278 4303 suis
1300 4240 1457 4305 heredem

133 4336 341 4402 institueret.
382 4340 494 4403 Heres
514 4348 590 4400 erat
616 4335 702 4402 utta.
745 4334 924 4397 Faciehant
945 4336 1063 4397 omnia
1084 4356 1163 4397 eum
1184 4335 1336 4417 pupilla,
1371 4336 1457 4420 legis

132 4432 307 4514 aequitas,
331 4435 488 4496 voluutas
507 4430 636 4514 patris,
661 4429 773 4492 edicta
788 4439 1009 4510 praetorum,
1032 4427 1242 4492 consuetudo
1259 4428 1348 4492 iuris
1369 4429 1454 4507 eius,

133 4525 227 4610 quod
244 4536 321 4587 erat
342 4538 431 4601 tum,
453 4547 529 4588 eum
551 4526 687 4589 Asellus
708 4533 759 4584 est
784 4532 949 4584 mortuus.
994 4521 1314 4585 Pseudo-Asconius
1329 4524 1414 4586 adh.
1430 4522 1453 4587 l.

133 4640 169 4701 p.
194 4619 268 4682 188.
291 4622 357 4698 (ed.
380 4619 481 4696 Bait.)
503 4622 579 4682 haec
600 4616 746 4698 scripsit:
783 4635 913 4698 neque
935 4635 1082 4678 census
1103 4615 1228 4698 esset]
1251 4636 1358 4701 neque
1381 4638 1457 4679 cers·

132 4723 209 4775 tum
228 4712 326 4776 milia
345 4714 542 4777 sestertium
565 4710 770 4796 possideret.
815 4711 919 4773 More
936 4720 1087 4774 veterum
1106 4711 1223 4774 censi
1244 4710 1464 4785 dicebantur,¹

133 4806 194 4891 qui
222 4819 359 4871 centum
386 4807 483 4870 milia
502 4805 725 4898 professione
747 4804 959 4868 detsdisssnt.
1003 4804 1212 4869 Huiusmodi
1234 4802 1456 4899 adeasaesd-
