3202 5318
91 402 94 409 ρ
160 308 202 374 aa
763 305 915 373 1uoox

147 510 153 520 .
244 461 451 544 Κορινθίων,
480 450 758 524 Contrariorum,
787 448 888 514 intell.
910 461 1074 531 πολιτεία,
1098 457 1295 540 respublica,
1316 460 1400 526 liber
1417 463 1475 530 Di.

160 552 321 618 caearchi.
376 552 595 637 ,Κορινθίων
623 557 654 609 et
679 546 868 624 Ἀθηναίων
889 560 969 630 puto
996 571 1046 613 aue
1074 551 1198 621 Romae
1228 554 1392 622 haberc.’'
1440 562 1477 623 ad

159 645 577 825 Αιι.]1(ἱῖσίός,2οοιηιοι,
606 733 810 820 magistratus
840 734 1056 802 Cretensium.
1107 739 1235 822 „Etiam
1266 743 1409 827 Spartae
1431 770 1478 814 re·

158 847 275 924 gnante
303 834 519 916 Theopompo
546 841 620 894 sunt
645 830 719 893 item
745 829 905 915 quinque,
937 854 1019 916 quos
1050 833 1095 897 illi
1121 839 1267 919 ephoros
1292 841 1475 924 appellant,

92 944 99 963 ¹
156 933 189 996 in
210 929 308 995 Creta
338 939 439 991 autem
463 928 588 1000 decem,
620 924 674 1009 qui
696 946 831 989 cosmoe
852 939 1030 1003 vocantur,
1055 939 1089 991 ut
1110 943 1225 995 eontra
1239 935 1411 1000 consulare
1424 936 1476 1000 im·

156 1024 278 1108 perium
302 1019 420 1086 tribuni
445 1019 564 1102 plebis,
586 1018 633 1082 sic
656 1018 703 1082 illi
726 1031 837 1082 eontra
856 1019 919 1082 vim
938 1022 1081 1106 regiam,
1105 1025 1306 1091 constituti.''
1330 1030 1369 1092 de
1393 1031 1474 1113 Rep.

12 1175 19 1199 ,
120 1148 123 1152 ·
155 1123 204 1189 ΙΙ.
225 1120 285 1196 33,
315 1119 369 1182 58.
415 1112 516 1181 conr.
547 1113 689 1177 Aristot.
719 1112 822 1177 Polit.
853 1114 904 1178 11.
938 1119 971 1178 8.
1003 1118 1057 1198 (ρ.
1081 1119 1136 1182 51.
1160 1119 1184 1182 l.
1215 1123 1265 1186 to.
1291 1123 1344 1185 ed.
1371 1123 1473 1188 Beldt.

154 1214 273 1294 min.)t
304 1215 346 1280 Οἱ
364 1223 424 1298 μὲν
439 1209 505 1296 γὰρ
527 1208 649 1295 ἔφοροι
672 1208 727 1287 τὴν
748 1209 851 1287 αὐτὴν
870 1209 987 1288 ἔχουσι
1009 1212 1149 1296 δύναμιν
1166 1228 1231 1290 τοῖς
1249 1226 1285 1282 ἐν
1306 1221 1347 1302 τῇ
1362 1218 1474 1305 Κρήτῃ

154 1318 365 1405 καλουμένοις
394 1306 548 1391 κόσμοις,
578 1304 660 1382 πλὴν
687 1311 721 1367 οἱ
751 1315 810 1385 μὲν
838 1303 960 1393 ἔφοροι
987 1319 1078 1372 πέντε
1106 1308 1163 1373 τόν
1189 1312 1355 1399 ἀριθμὸν,
1386 1321 1420 1378 οἱ
1442 1319 1472 1378 δὲ

153 1408 274 1492 κόσμοι
291 1410 369 1470 δέκα
389 1410 480 1468 εἰσιν.

236 1492 579 1584 Κόσμος,.ηιιιιιᾶιιο.
633 1489 809 1574 „Cumque
838 1491 969 1557 similem
1000 1495 1212 1563 universitatis
1241 1511 1375 1565 naturae
1404 1501 1469 1565 effi·

152 1617 227 1660 cere
253 1594 370 1667 vellet,
401 1590 442 1653 ad
467 1585 696 1652 volubilitatem
725 1587 912 1651 rotundavit
941 1589 1155 1674 comitemque
1191 1586 1262 1656 eum
1298 1594 1467 1678 sapientiae

152 1711 245 1776 quam
267 1686 407 1770 optimae
430 1683 540 1747 montis
563 1681 673 1746 effecit
694 1680 880 1766 circumque
903 1703 997 1747 omne
1021 1686 1142 1748 caelum
1168 1684 1345 1771 aequaliter
1366 1689 1468 1754 diatri-

150 1784 236 1860 buit,
267 1794 302 1846 ut
327 1783 412 1844 bunc
442 1781 501 1842 bae
527 1774 682 1840 varietate
708 1775 888 1839 distinctum
919 1779 1000 1842 bene
1023 1780 1141 1845 Graeci
1168 1783 1312 1867 κόσμον,
1341 1805 1402 1850 uos
1424 1785 1467 1848 lu·

151 1890 272 1943 centem
295 1876 442 1940 mundum
469 1870 743 1936 nominaremus.‘'
789 1870 873 1938 Tim.
899 1895 927 1937 c.
951 1875 1005 1937 10.

235 1962 392 2060 [Κρῆνῃ
411 1966 522 2059 fona.
544 1995 546 1999 ⁴
566 1968 604 2029 ad
629 1966 701 2028 au.
723 1965 808 2030 XII.
832 1969 869 2040 5,
894 1970 947 2050 1.]

233 2066 457 2155 Κρινόμενον,
479 2060 646 2125 iudicatio
668 2080 724 2122 seu
746 2059 866 2122 iudicii
887 2063 1061 2146 ριιαιοὶίος
1083 2065 1120 2128 in
1148 2087 1216 2150 quo
1240 2066 1344 2150 quasi
1363 2078 1468 2131 ema.

151 2184 228 2228 men
256 2173 309 2226 eet
332 2154 586 2224 coutroversiae
598 2176 609 2227 ,·
639 2175 708 2238 qua
735 2153 777 2216 de
799 2177 836 2217 re
858 2157 990 2238 agitur.
1035 2159 1113 2232 „Ex
1130 2159 1256 2224 ratione
1278 2161 1467 2227 defensionis

149 2271 181 2322 et
210 2280 251 2321 cx
272 2255 471 2318 firmamento
494 2247 704 2312 reclinationis
726 2247 833 2311 iudicii
855 2251 998 2333 quaestio
1021 2267 1172 2317 nascatur
1194 2265 1345 2335 oportet:
1378 2276 1465 2340 quam

147 2373 207 2418 nos
234 2347 477 2420 iudicationem,
511 2341 628 2408 Graeci
657 2343 848 2431 κρινόμενον
878 2343 1078 2425 appellant.''
1130 2350 1170 2410 ad
1188 2349 1333 2414 Herenn.
1356 2350 1387 2414 1.
1414 2350 1464 2422 16,

147 2449 201 2511 26.
225 2477 265 2490 —
310 2439 497 2524 „Quidquid
519 2448 569 2501 est
594 2436 674 2500 euim
697 2435 792 2517 illud,
825 2436 857 2499 in
884 2458 950 2520 quo
970 2439 1060 2520 quasi
1082 2452 1241 2504 certamen
1264 2456 1313 2506 est
1338 2454 1464 2506 contro

91 2574 94 2585 ·
146 2539 288 2616 versiae,
324 2537 412 2620 quod
436 2534 563 2596 Graece
591 2532 782 2620 uberrimam·
808 2530 943 2606 dicitur,
977 2532 1010 2595 id
1036 2532 1080 2598 ita
1107 2534 1169 2597 dici
1190 2539 1314 2618 placet,
1349 2549 1384 2599 ut
1405 2547 1464 2600 tra-

145 2638 279 2699 ducatur
305 2635 343 2695 ad
363 2639 551 2713 perpetuam
575 2626 796 2710 quaestionem
817 2637 912 2709 atque
935 2638 969 2689 ut
994 2629 1034 2690 de
1058 2626 1207 2692 universo
1237 2651 1359 2714 genere
1381 2631 1461 2695 dica·

144 2727 236 2793 tur.’'
261 2728 384 2793 Orator
406 2723 466 2797 35,
491 2721 566 2782 195.
610 2719 722 2798 „Quae
741 2741 782 2780 ox
796 2730 879 2782 statu
899 2721 1062 2785 contentio
1079 2722 1238 2799 efficitur,
1263 2745 1332 2787 eam
1348 2725 1461 2789 Graeci

144 2825 335 2911 κρινόμενον
362 2826 492 2881 vocant.
548 2812 632 2877 Mihi
660 2814 766 2893 placet
791 2813 841 2888 id,
876 2813 1026 2897 quoniam
1058 2817 1183 2899 quidem
1213 2821 1254 2881 ad
1280 2831 1312 2882 te
1340 2820 1460 2895 scribo,

145 2919 241 3001 QUA
264 2917 327 2981 DE
351 2913 412 2976 RE
435 2908 616 2973 AGITUR
639 2907 787 2971 vocari.’'
833 2910 919 2990 Top.
943 2908 1002 2985 to,
1028 2911 1081 2975 95.

227 3016 349 3099 Κρίσις
374 3011 605 3092 Χρυσιιιπεια,
639 2996 805 3064 iudicium
827 3026 874 3064 ex
900 3005 1089 3088 Chrysippi
1110 3009 1294 3072 sententio.
1349 3013 1461 3084 „Nunc

123 3111 235 3183 .vide,
270 3118 340 3169 utra
373 3114 404 3165 to
431 3113 536 3186 κρίσις
571 3098 670 3182 magis
700 3097 852 3174 delectet,
885 3103 1138 3185 Χρυσινιπείαιιιι
1166 3124 1204 3166 au
1234 3105 1334 3182 haee,
1370 3126 1459 3190 quarn

142 3214 253 3271 noster
274 3200 431 3264 Diodatus
453 3216 518 3258 non
540 3194 775 3277 concoquebat.
791 3191 809 3215 ”
854 3195 892 3255 ad
915 3195 1007 3258 Fam.
1031 3197 1096 3260 lX.
1120 3200 1153 3260 1.

225 3297 373 3384 Κρόνος,
406 3295 590 3357 Saturnus.
644 3287 839 3367 „Saturnum
863 3299 964 3352 autem
991 3312 1061 3354 eum
1092 3312 1162 3355 osae
1185 3294 1378 3370 voluerunt,
1408 3290 1459 3377 qui

140 3413 267 3458 otiosum
291 3402 323 3453 et
345 3382 590 3452 couversionem
622 3381 798 3464 spatiorum
820 3402 858 3445 ae
881 3393 1060 3465 temporum
1083 3385 1280 3463 contineret,
1312 3387 1368 3470 qui
1387 3388 1459 3449 drus

141 3492 265 3553 Graece
293 3484 326 3546 id
354 3483 457 3563 ipsum
484 3494 599 3542 nomen
625 3477 739 3550 habet;
772 3476 904 3562 Κρόνος
933 3478 1014 3540 enim
1047 3480 1181 3558 dicitur,
1216 3481 1271 3567 qui
1303 3493 1353 3545 est
1379 3480 1456 3544 idem

139 3583 275 3672 χρόνος,
298 3578 421 3650 idest,
446 3573 580 3656 spatium
602 3569 795 3651 temporis.''
839 3574 878 3635 de
900 3572 977 3635 Nat.
1000 3573 1106 3639 Deor.
1130 3576 1180 3640 ΙΙ.
1205 3577 1263 3652 25,
1288 3579 1341 3641 54.
1481 3654 1486 3667 ⁸

220 3673 376 3749 Κτόιιος,
402 3673 559 3753 planans.
612 3665 689 3745 „Ac
718 3667 860 3740 vereor‚'
888 3685 928 3728 ne
956 3666 1015 3731 iste
1041 3668 1101 3731 iarn
1134 3670 1312 3735 cinctionem
1342 3669 1454 3733 nullam

136 3772 253 3847 faeiat,
288 3770 345 3830 aed
368 3764 449 3829 ludis
474 3761 568 3827 lactis
592 3759 699 3841 κτόιιῳ
728 3757 869 3822 subsidio
893 3760 1044 3824 currat.''
1088 3767 1127 3826 ad
1148 3767 1219 3828 Att.
1240 3765 1326 3829 ΧΠ.
1350 3766 1389 3842 3,
1422 3764 1452 3826 2.

137 3872 264 3952 Popma
288 3873 390 3925 atatem
413 3857 456 3921 ibi
476 3855 541 3940 legi
559 3855 628 3917 volt
650 3853 778 3934 ἀτόπῳ,
804 3865 835 3914 et
855 3853 989 3939 intelligi
1009 3858 1157 3922 Balbum.
1180 3861 1265 3923 Nam
1279 3860 1371 3925 balbi
1384 3872 1455 3925 aunt

135 3962 269 4031 ἄινιιοι.
295 3957 423 4021 Probat
444 3949 629 4015 Trinstallus
652 3971 684 4029 p.
710 3948 783 4010 150.
807 3949 892 4011 Eua.

220 4054 369 4127 Κόκλος,
401 4046 569 4117 circulus,
600 4043 705 4106 orbis.
760 4041 868 4123 „Cum
898 4046 976 4108 duae
1001 4046 1125 4111 formae
1153 4050 1452 4131 praestatorum,

136 4176 178 4219 eat
198 4149 309 4217 solidis
327 4144 445 4232 globus
468 4139 532 4221 (sio
553 4138 632 4201 enim
654 4151 806 4224 σφαῖραν
829 4138 1034 4222 interpretari
1056 4143 1196 4224 placet);
1220 4166 1261 4207 ex
1283 4146 1385 4227 planis
1404 4167 1456 4210 au·

135 4261 196 4313 tem
221 4243 358 4309 circulus
380 4247 435 4301 aut
458 4232 567 4308 orbis,
596 4232 651 4317 qui
669 4232 784 4309 κύκλος
806 4236 932 4298 Graece
955 4234 1088 4299 dicitur:
1118 4237 1167 4301 bis
1198 4239 1321 4304 duabus
1345 4241 1455 4306 formis

135 4338 293 4424 contingit
321 4335 417 4408 solis,
441 4342 475 4393 ut
500 4348 610 4392 omues
641 4347 749 4390 earum
776 4340 883 4409 partes
909 4328 971 4392 aiut
991 4329 1074 4393 inter
1097 4352 1132 4394 ae
1157 4331 1332 4399 simillimae
1354 4357 1372 4397 a
1394 4357 1457 4400 me·

135 4437 251 4519 dinque
281 4441 400 4494 tantum
432 4423 513 4489 absit
542 4433 737 4496 extremum,
773 4435 924 4506 quantum
950 4423 1031 4486 idem
1061 4446 1078 4487 a
1106 4447 1248 4491 summo:
1282 4449 1349 4512 quo
1379 4429 1455 4494 nibil

135 4529 206 4594 lieri
225 4536 333 4610 potest
355 4517 497 4605 aptiru.’'
556 4519 595 4580 de
624 4517 700 4580 Nat.
724 4515 827 4581 Deor.
853 4518 900 4582 ΙΙ.
927 4519 984 4594 18,
1010 4523 1062 4582 ll.

219 4625 331 4706 Κυρια
355 4619 453 4695 δόξα,
485 4612 637 4677 maximo
665 4621 746 4674 rato
765 4611 946 4675 sententia.
999 4613 1104 4693 „Quis
1134 4628 1273 4680 vestrum
1301 4641 1368 4686 non
1389 4621 1454 4685 edi

127 4717 210 4783 dicit
231 4711 367 4797 Epicuri
392 4720 507 4792 κυρίας
530 4707 647 4785 δόξας,
679 4705 800 4780 idest,
835 4705 923 4789 quasi
946 4707 1081 4772 maxime
1102 4721 1206 4787 ratas,
1231 4712 1305 4796 quia
1329 4714 1454 4801 pavis·

132 4815 230 4880 simas
251 4807 315 4874 sint
336 4807 375 4869 ad
392 4806 485 4867 beate
505 4801 678 4864 vivendum
697 4798 841 4863 breviter
854 4800 1032 4866 enuntiatae
1046 4805 1219 4873 sententiae
1232 4806 1275 4869 'd’'
1297 4811 1338 4875 ds
1358 4809 1449 4877 Finn.
