3202 5318
548 446 551 453 ,
590 370 1019 440 nauseo-Lamnus.
1432 376 1473 439 n
1579 418 1600 445 2

135 533 204 575 csse
227 522 361 594 putant,
387 512 521 576 alterum
545 511 637 576 etiam
660 512 816 595 turpioris
838 513 1114 596 intemperantiae.
1160 517 1243 579 Sanc
1266 516 1473 606 δυσεντεριαν

134 607 413 688 pertimueram.''
458 611 497 670 ad
519 609 611 671 Fam.
635 609 720 671 Vll.
745 608 802 682 26,
830 611 860 671 1.

219 701 441 788 Δῦσχρηστα,
466 702 696 765 incommoda.
742 702 903 776 „Deviiun
927 715 976 766 est
1000 705 1257 785 (Tusculanum)
1279 719 1344 782 τοῖς
1366 701 1473 774 cinnu-

136 799 238 860 ruiocr
260 809 291 857 et
315 799 413 858 babet
437 796 496 858 atis
519 796 749 881 δύσχρηστα.”
771 800 809 860 ad
832 799 905 862 Au.
932 799 1016 861 Vll.
1043 801 1079 875 5,
1105 799 1137 863 3.

221 892 531 975 Δυσχρηστήματα,
558 892 787 955 incommoda.
812 939 827 965 ,,
840 892 1048 956 Incommode
1072 906 1103 956 ct
1122 897 1289 957 commoda
1311 895 1366 973 (ita
1391 897 1473 961 enim

134 985 393 1069 εὖχρηστῆματα
421 997 453 1048 et
485 987 762 1071 δυσχρηστήματα
793 987 943 1067 appello)
976 985 1153 1050 communia
1184 1008 1254 1051 esse
1285 991 1471 1068 voluerunt,

132 1080 224 1161 paria
248 1079 463 1142 noluerunt.”
509 1082 547 1142 de
572 1080 666 1142 Finn.
691 1081 758 1143 Ill.
784 1080 842 1156 21,
868 1080 922 1144 69.

87 1206 92 1211 ·
194 1175 456 1260 ’Δυσχρηστία,
489 1172 691 1260 difficultas
719 1196 882 1238 versurae
892 1174 1090 1267 faciendae
1115 1197 1172 1238 seu
1195 1189 1316 1241 miano
1337 1200 1474 1243 sumen-

136 1267 204 1330 dae
232 1269 409 1351 peccuniae.
465 1267 638 1341 „Mirifice
665 1273 868 1357 δυσχρηστία
897 1281 945 1331 est
967 1281 1106 1353 propter
1128 1282 1245 1334 metum
1268 1273 1472 1337 armorurn.'’

135 1364 181 1423 ad
203 1364 272 1425 Au.
295 1362 398 1426 xvt.
425 1365 463 1439 7,
495 1364 527 1425 ὁ.
966 1412 971 1427 ,

222 1458 401 1533 Aromata,
425 1458 649 1534 verecundia,
673 1479 743 1520 cum
770 1478 919 1521 veremur
941 1457 1033 1522 alicui
1062 1457 1180 1543 aliquid
1198 1460 1393 1540 postulanti,
1417 1482 1474 1545 ps-

134 1550 215 1614 tcnti
249 1564 313 1614 cet.
345 1572 480 1637 negare.
527 1553 593 1634 „In
616 1552 760 1636 Virgilio
783 1552 857 1614 mihi
889 1554 972 1615 nulla
1004 1564 1053 1617 est
1084 1558 1275 1620 docontn.''
1331 1559 1371 1620 ad
1398 1561 1473 1622 Au.

134 1646 238 1711 Xlll.
263 1646 325 1723 33,
358 1649 390 1709 2.
413 1683 453 1694 -
506 1646 609 1728 „Etsi
631 1668 806 1729 sponsores
830 1648 992 1729 appellare
1018 1647 1142 1710 videtur
1167 1651 1286 1712 habere
1316 1654 1472 1735 quandam
1560 1641 1568 1661 ’

133 1747 330 1806 docuntur:
364 1753 469 1805 tamen
493 1744 572 1819 hoc,
604 1742 697 1825 quale
719 1742 777 1819 sit,
808 1742 992 1806 consideres
1024 1742 1158 1806 relim.'’
1209 1748 1248 1807 ad
1271 1745 1342 1808 Au.
1369 1745 1471 1810 XVI.

138 1839 194 1912 15,
220 1839 321 1900 2.-
367 1834 470 1902 Conl'.
495 1837 628 1900 Victor.
652 1840 754 1900 Varr.
780 1839 890 1900 Lectt.
915 1836 976 1913 ³8,
1004 1838 1056 1901 12.
1170 1834 1172 1840 ⁴

775 2016 832 2096 Ε.

214 2214 303 2282 Ἐὰν
329 2222 502 2299 διαμείνῃ,
533 2212 565 2277 si
581 2213 830 2298 permanserit.
879 2214 995 2288 „Boua
1023 2214 1162 2290 indoles,
1194 2217 1254 2281 ἐὰν
1277 2223 1438 2303 διαμείνῃ.
1452 2217 1471 2242 ”

134 2311 173 2372 ad
193 2312 267 2374 An.
292 2311 373 2374 XV.
403 2309 464 2385 12,
493 2309 525 2371 2.

210 2405 281 2469 Ἔα
301 2405 433 2479 πάσας,
461 2404 557 2466 mitte
579 2424 712 2466 omnes.
765 2400 898 2483 „Video
929 2415 958 2465 te
982 2402 1190 2486 ingemuisse.
1237 2405 1290 2467 Sic
1315 2405 1368 2479 fit,
1392 2408 1470 2471 sld'

133 2510 168 2563 ἐν
186 2504 248 2580 αἶα
272 2499 403 2579 itunae·
426 2519 584 2580 nunquam
613 2497 694 2560 eninr
724 2495 845 2572 dicam,
870 2497 912 2562 ἔα
935 2496 1088 2572 πάσας.”
1138 2498 1178 2559 ad
1201 2498 1244 2576 Q.
1268 2498 1312 2560 lr.
1336 2499 1386 2561 II.
1413 2502 1471 2576 10,

134 2595 165 2656 2.
207 2594 374 2657 Mauritius
400 2604 550 2678 negatae
572 2594 677 2656 locum
705 2590 901 2674 intelligere.¹
930 2593 1107 2655 Lambinus
1131 2603 1235 2655 autem
1259 2592 1473 2656 omissum-di-

133 2688 173 2751 cit
194 2688 396 2772 μελεδώνας,
426 2709 547 2763 curas,
572 2709 589 2750 a
613 2686 789 2772 peledcirn·
815 2688 901 2749 Eun.

217 2783 394 2866 [namon
420 2782 614 2866 relinquere
637 2791 809 2864 opportet.
835 2782 873 2842 ad
898 2783 969 2844 Att.
995 2781 1023 2844 I.
1049 2783 1106 2855 16,
1133 2781 1206 2863 13.]

213 2880 359 2943 Ἑαυτὸν
386 2877 643 2963 τιμωρούμενος,
671 2877 802 2958 ipsese
822 2874 984 2958 puniens.
1032 2876 1151 2956 ,Quid
1179 2875 1233 2939 ille
1257 2878 1471 2942 Terentianus

136 2973 208 3055 lpse
233 2994 267 3035 se
290 2972 456 3052 posumus,
482 2970 512 3032 id
536 2983 601 3045 est,
627 2971 743 3036 ἑαυτὸν
767 2970 1066 3058 τιμωρούμενοςῖμ
1112 2973 1213 3032 'l'uso.
1239 2972 1305 3034 lll.
1334 2973 1391 3050 27,
1417 2975 1470 3036 ol.

216 3067 495 3149 Ἐᾶδελυττόμηη
521 3066 758 3129 abominabar.
804 3070 843 3127 ad
867 3070 937 3128 Au.
959 3059 1043 3129 XV.
1069 3065 1128 3139 29,
1160 3065 1192 3127 2.

216 3164 437 3245 Ἐγγῆραμα,
466 3159 651 3223 senectutis
681 3160 836 3244 requies,
872 3160 1074 3234 delectatio,
1111 3159 1304 3242 occupatio
1361 3165 1470 3243 „Nam

137 3258 222 3339 qnod
246 3256 361 3319 scribis
385 3255 579 3341 ἐγγήραμα,
611 3264 715 3316 actum
739 3255 798 3315 iam
823 3255 860 3314 de
882 3254 944 3316 isto
968 3266 1041 3315 est:
1083 3254 1141 3315 alia
1173 3253 1272 3336 magis
1301 3257 1470 3337 quarro.”

136 3353 173 3411 ad
203 3353 276 3413 Att.
307 3351 393 3413 ΧΠ.
431 3351 491 3423 25,
527 3350 559 3412 2.
591 3381 631 3390 -
688 3348 781 3428 „Vel
811 3360 842 3410 tu
873 3349 948 3409 illud
980 3349 1171 3434 ἐγγήραμα,
1208 3354 1471 3431 quemadmodum

137 3445 311 3527 scripsisti,
338 3445 389 3506 vel
413 3446 572 3524 ἐντάφιον
594 3454 721 3526 putato.
735 3442 753 3464 ”
799 3445 837 3504 ad
861 3444 932 3504 Au.
958 3444 1042 3505 Xll.
1074 3445 1131 3518 29,
1168 3443 1200 3505 2.
1252 3441 1350 3508 Cous.
1379 3467 1407 3510 s.
1437 3470 1470 3509 v.

137 3542 331 3621 Ἐντάαιον.
358 3575 399 3587 -
444 3539 548 3612 „lllihi
572 3559 651 3601 vero
675 3549 705 3599 et
730 3538 856 3610 locum,
885 3558 976 3619 quern
1002 3550 1101 3618 opto,
1131 3538 1241 3612 adid,
1267 3543 1354 3623 quod
1378 3543 1471 3605 volu·

138 3657 221 3708 naus,
248 3636 374 3696 dederis
398 3645 430 3695 et
453 3645 622 3714 praeterea
646 3632 861 3716 a'yyp'pnpast'
907 3635 945 3691 ad
970 3632 1040 3693 Au.
1065 3633 1151 3694 XlI.
1177 3633 1236 3706 ll,
1269 3635 1300 3695 2.
1386 3706 1393 3720 ⁸

214 3729 505 3811 Ἕγκεὶεύσματα,
533 3729 761 3790 hortationes.
815 3725 917 3797 „Noli
948 3748 996 3788 me
1020 3739 1131 3806 putare
1154 3728 1397 3811 a'yrslerlcpara
1420 3726 1471 3789 illa

138 3835 184 3884 tua
208 3822 383 3898 abiecisse,
411 3844 493 3907 quae
517 3821 593 3883 mihi
616 3823 647 3883 iu
673 3821 846 3883 visceribus
869 3821 1041 3882 hacrent.'’
1086 3821 1126 3882 ad
1148 3823 1219 3883 Au.
1244 3821 1308 3884 Vl.
1338 3824 1370 3897 l,
1396 3820 1429 3883 8.

216 3918 507 4001 Ἐγκωμιαστικά,
529 3916 576 3979 nd
591 3938 646 3978 res
663 3915 857 3976 laudandas
873 3927 1087 3995 comparata.
1112 3915 1204 3995 „Nou
1227 3915 1472 3999 s'yxmpcacrczci

135 4025 203 4074 sunt
227 4013 324 4084 baec,
360 4014 416 4074 sed
440 4011 611 4092 ἱστορικά,
645 4031 726 4092 quae
749 4009 956 4071 scribimus.’'
1008 4012 1048 4071 ad
1077 4015 1148 4072 Art.
1173 4011 1202 4072 Ι.
1229 4011 1284 4085 19,
1319 4013 1370 4070 10.
1421 4009 1472 4071 De

136 4110 239 4169 verbo
264 4107 427 4190 ἐγκώμιον
450 4117 481 4166 et
504 4106 576 4166 binc
599 4104 700 4165 ductis
727 4104 789 4165 rid.
815 4105 940 4166 doctam
971 4103 1268 4185 disputatiunculam
1293 4103 1346 4164 lll.
1370 4101 1472 4183 Spau-

138 4201 230 4263 heniii
256 4204 296 4262 ad
319 4222 369 4264 or.
393 4201 423 4263 l.
448 4199 563 4262 Iuliani
587 4199 611 4260 l.
635 4199 655 4263 5
678 4230 719 4240 -
742 4200 773 4259 8.
821 4199 905 4262 Eun.

215 4296 467 4373 Ἐδικώθησαν,
493 4294 663 4376 supplicio
692 4291 827 4383 offecti
855 4315 895 4353 cc
921 4292 1032 4353 necati
1058 4303 1152 4354 sunt.
1204 4291 1305 4353 Verr.
1335 4289 1380 4355 V.
1411 4291 1469 4366 57,

137 4392 205 4457 llS.
262 4392 467 4452 Hotomanus
498 4388 687 4450 coniicicbat
716 4388 881 4469 legendum
912 4386 1179 4464 a'dczrnnlSpouv,
1213 4388 1300 4467 quod
1323 4389 1472 4450 δικαιοῦν

138 4488 217 4567 apud
254 4487 379 4566 probae
409 4496 501 4546 notae
534 4481 709 4563 scriptores
747 4482 903 4542 interilum
941 4480 1152 4562 sit-punire,
1189 4501 1312 4541 nccare
1338 4501 1472 4561 poenae

138 4602 255 4643 coma.
309 4581 353 4642 Et
381 4579 427 4640 sic
455 4578 484 4640 in
516 4580 641 4639 duobus
672 4576 774 4639 MSS.
798 4574 973 4637 Lambinus
1006 4575 1146 4654 reperit:
1178 4575 1224 4636 sie
1256 4575 1351 4636 habet
1378 4573 1470 4635 etiam

140 4676 212 4738 alius
244 4677 350 4737 codex
374 4672 519 4735 Graevio
544 4673 699 4733 laudatus.
755 4670 867 4749 ltaque
892 4667 1053 4731 Graevius
1077 4669 1245 4750 reposuit:
1278 4665 1473 4744 ἐδικαιώθη-

142 4797 207 4835 cnr.
266 4770 332 4831 Sed
363 4767 437 4829 milri
473 4765 650 4827 accurratius
673 4785 739 4827 rem
764 4763 939 4824 aestimanti
961 4763 1167 4842 ἐδικώθησαν
1188 4776 1308 4827 rectum
1332 4764 1471 4823 videtur.

144 4863 219 4927 sam
242 4863 351 4951 primo
376 4882 439 4925 non
463 4872 510 4925 est
533 4869 648 4923 contra
671 4856 872 4942 analogiam,
898 4878 915 4919 a
938 4861 1008 4938 δίκη
1031 4856 1164 4921 formari
1180 4859 1291 4927 δικόω.
1337 4855 1391 4920 Sic
1412 4881 1472 4922 κα-
