3202 5318
204 261 209 276 .
579 150 625 231 θ.

129 313 172 378 ιο
575 320 580 330 ’
718 319 874 395 ιοοοκ,
930 360 939 408 ·.

129 478 239 543 posse.
249 461 267 488 ‘'
296 462 335 523 ad
356 460 426 524 Att.
448 458 494 523 V.
518 461 572 536 11,
597 464 629 525 2.
655 494 691 504 -
746 462 1001 545 „Gravissimum
1030 463 1452 555 iniq'pissimumque'trihuti

130 576 247 641 gentis,
272 553 361 618 estius
387 576 480 618 causa
506 576 600 637 saepe
626 558 796 622 seditiones
824 569 913 622 ortae
937 570 1031 624 sunt:
1061 559 1227 642 capitatio
1248 549 1454 644 sequiora-s

129 648 341 732 scriptoribus
364 649 491 712 dieitur.
538 655 616 714 Nam
643 651 762 715 tributa
787 652 857 715 sere
886 652 1033 715 dicuntur
1064 675 1081 715 a
1107 675 1160 729 re,
1193 664 1332 737 propter
1357 648 1453 741 qiiam

129 741 319 830 exiguntur;
343 743 389 806 sie
409 746 681 820 columnarium,
710 749 750 808 ad
780 749 850 810 Au.
874 746 976 811 XIII.
1001 749 1037 822 8,
1062 748 1249 812 ostiarium
1270 724 1457 833 eet.⁹!Vid,

128 834 260 922 Lipsius
292 839 330 899 de
356 838 498 923 Magnit.
523 841 620 904 Rom.
645 841 688 902 L.
714 841 761 905 II.
790 865 830 920 c.
845 843 876 904 2.
903 842 936 903 3.
991 840 1096 925 Huius
1119 842 1247 926 generis
1271 842 1336 906 fnit
1357 843 1458 908 tribu-

85 974 91 986 .
126 941 211 1009 tum,
236 930 357 1017 dequo
384 933 507 997 Matth.
536 934 656 999 XXII.
690 938 726 996 tt
758 958 846 1020 sqq,
876 948 908 998 ut
935 934 1123 999 Harduinus
1152 935 1231 999 vidit
1260 936 1365 1021 Opcr.
1388 939 1458 1003 Sel.

126 1047 162 1109 p.
185 1026 261 1090 615.
307 1025 393 1090 Ηίοο
415 1028 500 1091 Luc.
528 1028 609 1092 XX.
634 1026 690 1092 22.Ι
710 1029 823 1093 dieitur
847 1031 967 1115 φόρος,
996 1031 1084 1114 quod
1107 1031 1239 1093 verbum
1256 1032 1296 1095 de
1317 1031 1384 1096 hoo
1403 1053 1459 1117 ge-

127 1142 204 1186 nere
219 1119 353 1198 dicitur,
380 1132 414 1184 ut
433 1129 522 1198 τέλος
542 1125 580 1186 de
595 1122 761 1205 portorio,
786 1125 942 1208 scriptura
959 1135 993 1186 et
1011 1122 1152 1188 decimis.
1197 1124 1457 1190 Permutantnra

125 1215 339 1301 scriptoribus
356 1216 454 1279 sacris
472 1215 504 1278 in
522 1216 581 1280 Ista
602 1239 637 1280 re
660 1215 816 1282 narranda
841 1223 975 1298 κῆνσος,
1003 1220 1177 1306 δηνάριον,
1202 1219 1316 1304 φόρος.
1351 1220 1466 1311 Hesy3,

125 1311 234 1375 chius:
268 1314 413 1389 Κένσος,
446 1311 530 1386 εἶδος
567 1322 783 1397 νομίσματος,
805 1315 1064 1394 ἐπικεφάλαιον,
1093 1334 1175 1397 quae
1208 1313 1316 1398 glossa
1347 1306 1468 1378 loeum'¹

124 1406 213 1470 illum
244 1406 365 1470 Matth.
392 1406 511 1471 XXII.
542 1411 595 1470 17.
625 1407 786 1490 respicere
817 1385 960 1484 vidend,
995 1409 1082 1497 quod
1103 1407 1198 1471 Iaeile
1220 1405 1404 1470 'concedent
1424 1419 1456 1472 ct

124 1501 218 1585 quale
240 1499 281 1564 sit
299 1494 495 1585 intelligent,
519 1500 743 1586 quitationem
763 1503 943 1587 glossarum
962 1501 1235 1582 Hesychianermn
1250 1513 1454 1586 perspectam

124 1596 254 1659 habent.
303 1597 565 1685 Ἔπικεφάλαιον
593 1606 701 1660 autem*
724 1596 805 1660 idern
831 1599 918 1679 quod
946 1598 1179 1679 ε’πικεφάλιον,
1212 1605 1246 1658 nt
1267 1597 1453 1677 κεφάλαιον

124 1702 156 1756 et
185 1690 357 1773 κεφάλιον.
411 1690 498 1754 Hine
526 1690 633 1775 glossa
667 1702 737 1755 orta
767 1703 815 1754 est
839 1689 925 1755 Cod.
953 1689 1108 1755 Cantabr.
1135 1688 1189 1773 qui
1212 1691 1453 1770 ἐπικεφάλαιον

123 1786 219 1848 habet
242 1806 305 1868 pro
325 1789 443 1864 κῆνσος
464 1787 572 1850 Marc.
594 1785 678 1849 XII.
708 1787 760 1848 11.
805 1787 906 1866 Syrus
933 1806 1064 1872 qnoque
1086 1783 1118 1847 in
1145 1785 1229 1851 huuc
1253 1786 1382 1848 modum
1406 1785 1452 1849 in·

122 1889 317 1963 terpretatus
335 1893 397 1945 est.
440 1881 526 1944 Eas.

204 1975 446 2063 Ἐπικούρειον,
476 1975 698 2057 Epicureum.
751 1974 947 2048 „Maximam
973 1971 1122 2037 laetitiam
1149 1972 1221 2059 cepi
1247 1995 1289 2037 ex
1316 1972 1379 2037 tuis
1404 1971 1454 2036 lit·

70 2116 72 2121 .
123 2067 200 2132 teris
220 2070 258 2132 de
282 2089 340 2152 spe
362 2067 489 2131 minime
508 2067 602 2135 dubia
624 2080 655 2132 et
680 2069 773 2151 plane
792 2067 959 2152 explorata
980 2065 1133 2151 triumphi
1157 2067 1225 2130 tui:
1249 2085 1355 2151 neque
1375 2087 1453 2132 vero

122 2163 166 2225 oh
193 2183 260 2226 eam
284 2183 426 2238 causam,
456 2183 521 2246 quo
543 2161 612 2243 ipse
634 2161 759 2226 facilius
779 2145 999 2248 consequerer
1021 2196 1063 2208 -
1085 2160 1155 2225 nam
1178 2161 1209 2225 id
1232 2158 1359 2247 quidem
1385 2171 1454 2226 ras-

123 2256 273 2346 κοάρειον
305 2269 352 2320 est
379 2289 418 2299 -
448 2259 523 2331 sed,
557 2257 755 2333 mehercule,
786 2258 874 2341 quod
900 2270 954 2321 tua
983 2256 1119 2341 dignitas
1152 2268 1248 2340 atque
1276 2253 1452 2339 amplitudo

52 2410 61 2433 ,
123 2349 200 2415 mihi
218 2363 266 2415 est
294 2351 363 2436 ipsa
383 2372 457 2415 cara
475 2373 536 2434 per
553 2351 627 2415 se.”
672 2352 711 2413 ad
734 2352 826 2415 Fam.
850 2352 917 2416 Ill.
941 2352 979 2427 9,
1003 2352 1036 2413 2.

204 2449 403 2527 Ἔπικτητα,
428 2444 623 2521 adscititr‘o,
647 2445 825 2510 simulata.
870 2445 1008 2520 „Omnia
1031 2445 1084 2509 illa
1106 2444 1226 2528 prima,
1251 2465 1335 2530 qnae
1357 2443 1451 2509 etia·

121 2541 183 2610 tuis
208 2541 321 2607 litteris
351 2542 381 2605 in
405 2541 525 2605 caelum
555 2540 699 2616 ferebas,
724 2541 875 2620 ἐπίκτητα
904 2540 1173 2620 (abiecturum)
1196 2537 1369 2604 suerunt.”
1413 2541 1451 2604 sd

120 2637 194 2701 Art.
217 2637 303 2701 VII.
328 2640 356 2711 1,
380 2639 411 2702 5.

201 2735 394 2806 Ἔπίκωπα,
425 2751 528 2794 naves
554 2751 642 2815 quae
667 2730 773 2794 remis
798 2741 966 2814 aguntur.
1013 2729 1216 2815 ,Ἆφρακτα
1245 2728 1450 2796 Rhodiorum

120 2834 153 2889 et
181 2830 316 2912 §lapara
343 2824 614 2904 Mytilenaeorum
647 2826 800 2888 habebam
830 2835 862 2886 et
895 2822 1013 2906 aliquid
1043 2823 1255 2890 ι’πικάπων.”
1308 2826 1350 2886 ad
1378 2826 1450 2890 Au.

73 2985 80 3009 Ι
121 2920 168 2982 V.
196 2921 256 2994 11,
285 2920 317 2983 1.

83 3024 96 3057 s
153 3023 155 3027 ’
202 3017 389 3097 Ἐπιλογοι,
422 3013 658 3079 conclusiones
688 3013 899 3080 orationum.
951 3011 1227 3088 ,ConclusIones,
1261 3034 1344 3097 quae
1370 3015 1453 3096 apud

122 3108 269 3172 Graecos
292 3115 441 3191 ἐπίλογοι
467 3107 685 3182 nominantur,
722 3107 903 3188 tripartitae
925 3108 1040 3172 sunt.”
1085 3110 1125 3171 ad
1144 3101 1300 3173 Herenn.
1316 3107 1366 3172 11.
1391 3107 1450 3183 30,

122 3203 175 3266 17.
197 3234 240 3246 -
283 3255 299 3284 ,‚
311 3203 422 3265 Habes
444 3201 625 3287 epilogum,
651 3223 690 3263 uc
716 3201 793 3288 quid
815 3202 1070 3284 praetermissum
1095 3214 1148 3266 aut
1174 3200 1318 3265 relictum
1345 3192 1452 3285 putes.

121 3297 166 3361 A.
188 3297 264 3381 Ego
285 3316 386 3359 vero:
413 3306 444 3359 et
460 3295 586 3381 quidem
600 3295 678 3358 fecit
693 3292 785 3358 etiam
804 3297 929 3359 isteme
944 3296 1092 3382 epilogus
1108 3294 1325 3360 hrniiorern.”
1351 3297 1452 3360 Ture.

121 3390 170 3457 11.
195 3391 253 3466 19,
280 3392 354 3456 119.
529 3453 532 3457 .

203 3487 464 3569 Ἐπισημασιαι,
490 3485 613 3569 signa,
636 3484 760 3570 quibus
781 3485 919 3550 animus
936 3499 971 3549 ct
985 3488 1142 3561 noluntas
1156 3482 1280 3570 populi
1300 3483 1338 3546 in
1356 3485 1454 3548 theo·

15 3626 20 3645 .
121 3579 206 3654 tris,
226 3602 294 3665 pro
317 3579 443 3643 rostris
467 3591 532 3643 eet.
555 3580 769 3654 declaratur,
791 3583 955 3663 plausus,
981 3584 1019 3644 de
1043 3581 1157 3665 quihus
1176 3577 1242 3642 vid.
1262 3578 1397 3640 Ferrar.
1414 3579 1453 3641 de

122 3674 267 3743 Acclam.
292 3673 372 3736 Vct.
396 3675 481 3737 Eun.
527 3671 668 3759 „Itaque
690 3685 722 3736 et
743 3674 825 3738 ludis
849 3687 881 3737 et
903 3675 1134 3760 gladiatoribus
1158 3672 1315 3736 mirandas
1337 3683 1452 3752 ἐπιση-

120 3779 245 3855 μασίας
264 3767 334 3832 sine
356 3767 418 3831 ulla
439 3766 609 3850 pastoricia
632 3767 738 3832 fistula
763 3768 1025 3833 atrlerebamus.”
1049 3771 1089 3832 ad
1111 3773 1183 3833 Att.
1206 3767 1237 3831 1.
1263 3765 1316 3844 16,
1341 3769 1451 3832 11.-

123 3865 223 3946 „Tu,
246 3862 273 3925 si
296 3860 372 3946 quid
395 3863 624 3946 πραγματικὸν
648 3863 765 3937 habes,
800 3862 942 3926 scribes:
974 3863 1021 3926 sin
1046 3863 1165 3938 minsis,
1194 3859 1309 3945 populi
1336 3870 1451 3939 ἐπιση-

120 3968 248 4044 paulas
274 3969 306 4021 et
329 3957 496 4023 mimorum
519 3957 598 4019 dieta
623 3956 830 4038 perscribito.
839 3957 856 3984 ’‘
901 3961 939 4022 ad
961 3960 1034 4025 au.
1057 3958 1157 4022 XIV.
1179 3954 1219 4032 3,
1243 3953 1277 4017 2.

205 4057 425 4128 Ἐπίσκοπος,
450 4053 665 4134 speculator,
689 4063 818 4114 eustos.
864 4096 880 4124 ,
896 4053 978 4116 Volt
993 4053 1074 4116 enim
1091 4073 1139 4115 me
1163 4048 1337 4132 Pompeius
1360 4070 1453 4126 esse,

123 4147 216 4233 qu‘em
236 4159 304 4212 tota
324 4148 405 4210 haec
424 4133 598 4228 Campanis¹
624 4156 655 4209 et
682 4145 834 4208 maritima
859 4167 916 4210 ora
938 4150 1051 4213 haheat
1073 4157 1270 4223 ἐπίσκοπον,
1299 4145 1339 4206 ad
1357 4165 1453 4228 quem

124 4244 263 4307 delectus
290 4254 321 4306 et
343 4262 464 4304 ssimum
487 4239 608 4323 negotii
631 4239 832 4303 referatur.'·'.
875 4244 915 4304 ad
940 4242 1013 4306 Art.
1040 4241 1122 4306 VII.
1147 4244 1213 4319 st,
1231 4241 1265 4305 5.

204 4340 447 4420 Ἐπιοια3μ1α,
479 4335 614 4397 curatio
639 4333 795 4416 hospitii,
827 4335 997 4400 necessitas
1021 4334 1163 4416 hospitio
1189 4332 1365 4415 recipiendi
1395 4355 1454 4398 co·

124 4426 215 4492 mites
241 4430 392 4512 principis
421 4439 474 4492 aut
501 4427 615 4512 legati,
650 4427 964 4513 Einquartierung.
1021 4430 1158 4502 ,Habes
1187 4427 1360 4512 hospitium
1384 4429 1454 4493 sive

123 4531 345 4607 ἐπιστα3μ1αν
368 4523 532 4601 odiosam,
556 4522 632 4587 mihi
653 4543 717 4586 uon
740 4524 943 4588 molestam.”
988 4525 1028 4586 ad
1049 4525 1121 4586 Ast.
1145 4524 1247 4589 XIII.
1272 4524 1332 4598 52,
1357 4522 1390 4588 2.

206 4620 283 4682 Ἐπὶ
311 4624 446 4697 σχολῆς,
484 4616 521 4678 iu
553 4619 634 4682 otio.
687 4618 851 4702 ‚‚Oiunia,
887 4619 1150 4702 quemadmodum
1179 4616 1364 4701 polliceris,
1400 4628 1455 4684 ἐπὶ

125 4714 244 4789 σχολῆς
266 4709 413 4774 scribe.”
457 4714 497 4772 ad
518 4712 590 4775 Ast.
614 4713 663 4776 II.
687 4713 724 4788 5,
751 4713 783 4776 3.

207 4807 427 4888 Ἐπίτενγμιι,
456 4805 631 4892 expetitae
660 4805 713 4870 rei
738 4802 902 4890 adeptio,
934 4825 1085 4891 prosper
1111 4826 1302 4874 successus.
1360 4802 1453 4888 „Ubi
