3202 5318
626 340 776 407 tunssx
796 342 977 411 LEGUM.
1398 347 1457 413 tto

130 485 244 551 rnnl'
267 487 307 548 de
328 485 415 568 nep.
438 480 484 548 ll.
505 482 558 546 20.
581 516 621 531 -
644 485 745 564 „Non
759 483 916 547 commisit
932 506 967 547 se
983 486 1126 567 patribus
1143 488 1289 564 (Servius
1307 488 1458 569 Tutilius),

131 582 193 646 sed
209 577 392 664 Tarqtsinio
414 575 541 658 sepulto
562 578 714 659 populutn
737 579 776 640 de
794 599 830 640 se
848 577 917 658 ipse
935 581 1112 648 consuluit.
1137 580 1302 664 iussosque
1324 602 1461 660 regnare

133 677 243 753 legem
259 674 298 735 de
313 671 452 753 irnperio
467 690 527 733 sno
542 671 713 735 crrriotam
728 670 833 734 tulit.’'
856 673 895 733 de
919 672 1003 754 llep.
1025 672 1072 736 ll.
1096 675 1154 748 21,
1178 676 1232 739 38.
1255 709 1294 723 ··-
1328 676 1461 755 ,Quisn-

132 780 245 833 stores
266 765 399 849 regibus
420 765 512 827 etiarn
537 774 603 826 tum
629 762 855 845 imperantibus
875 763 1008 829 instituti
1031 778 1118 840 sunt;
1142 771 1229 851 quod
1253 769 1306 832 lex
1327 772 1465 835 1111111.

134 859 297 935 ostendit,
321 862 361 922 sb
384 858 490 923 Lucio
513 859 616 922 Bruto
640 856 809 940 repetita.'’
855 859 961 921 Tacit.
987 861 1073 925 Anu.
1097 862 1162 925 Xl.
1185 863 1238 927 22.

222 942 319 1027 ,L'ex
340 955 478 1019 cnriotn
498 952 563 1015 lata
583 963 648 1027 est,
671 952 872 1034 dictatorque
888 951 1070 1033 (Camillus)
1093 957 1205 1017 absens
1225 954 1362 1018 dictus.'’
1386 955 1461 1019 Lis.

133 1051 184 1116 V.
208 1051 264 1113 db.
290 1083 329 1097 -
365 1047 540 1129 „Papirius
561 1047 728 1124 (dictator)
751 1043 792 1110 C.
817 1046 940 1111 lunium
969 1046 1146 1111 Bubulcum
1173 1049 1356 1135 magistrum
1375 1048 1466 1132 equi·

134 1144 320 1216 tundirin
343 1155 439 1228 atque
452 1141 482 1204 ei
504 1142 606 1223 legem
622 1139 794 1202 curiatam
813 1141 852 1202 de
870 1139 1004 1220 irnperio
1021 1139 1134 1204 ferenti
1157 1136 1247 1208 triste
1271 1166 1363 1208 omen
1382 1146 1463 1211 dirui

135 1238 263 1303 diffidit.
286 1274 300 1288 ·
323 1273 338 1287 -
359 1271 374 1284 ·
406 1236 555 1302 Dictator
587 1246 719 1316 postero
753 1232 803 1297 die
834 1234 982 1316 auspiciis
1006 1236 1149 1317 repetitis
1172 1238 1300 1319 pertulit
1324 1239 1463 1323 legero.'’

138 1334 217 1397 Lis.
243 1331 308 1395 1Χ.
331 1332 386 1397 38.

222 1425 380 1507 ¹,Appius
393 1425 533 1505 (consul)
550 1422 580 1486 in
596 1422 796 1486 sermonibus
816 1432 906 1485 antea
930 1423 1110 1498 dictitabat,
1133 1435 1247 1507 postea
1270 1427 1350 1492 dixit
1371 1429 1466 1493 etiarn

137 1521 170 1585 in
195 1530 309 1585 senatu
332 1516 453 1600 palato:
477 1539 569 1590 use,
591 1516 619 1579 si
641 1516 760 1580 licitum
782 1528 866 1580 esset
887 1518 989 1599 legent
1011 1519 1182 1583 curiatam
1204 1520 1309 1598 ferre,
1337 1522 1468 1589 sortitu·

138 1637 209 1679 rusn
232 1632 303 1677 esse
325 1634 397 1675 cum
418 1612 540 1691 collega
566 1610 783 1693 provinciam:
816 1609 844 1675 si
863 1611 1000 1675 curiata
1021 1612 1073 1675 lex
1098 1635 1163 1677 non
1186 1627 1288 1685 esset,
1312 1636 1346 1679 se
1373 1638 1467 1699 pars·

138 1722 245 1773 tnrurn
268 1729 340 1769 cum
360 1707 487 1789 collega
509 1705 628 1789 tibique
650 1706 706 1785 (P.
733 1704 886 1786 Lentulo)
907 1727 1146 1772 successurum:
1169 1708 1273 1794 lcgcin
1295 1712 1467 1775 curiatam

138 1802 265 1869 consuli
284 1822 367 1884 opus
390 1822 476 1876 esse,
501 1822 629 1864 necesse
653 1822 715 1864 non
737 1822 825 1864 esse:
850 1822 904 1876 se,
928 1802 1076 1883 quouistu
1098 1824 1139 1864 ex
1165 1815 1292 1868 senatus
1319 1807 1467 1871 consulto

140 1897 342 1981 provinciam
359 1898 508 1970 liaberet,
535 1896 608 1979 lege
624 1893 776 1960 Cornelia
794 1895 956 1976 imperium
968 1896 1167 1972 habiturum,
1182 1901 1290 1983 quoad
1308 1900 1339 1963 in
1356 1901 1468 1963 tirbetn

140 1992 319 2057 introisset.
346 2025 388 2037 -
415 2024 453 2036 -
488 1990 591 2062 Sunt,
622 1988 678 2073 qui
700 1999 810 2070 putent
831 2009 926 2070 posse
950 2001 981 2052 te
1003 2011 1066 2054 uon
1087 1993 1259 2068 decedere,
1291 1996 1379 2076 quod
1400 1995 1469 2056 sine

141 2087 211 2173 lege
225 2085 368 2151 curiata
388 2084 443 2146 tibi
458 2087 663 2146 succedatur:
687 2094 760 2146 sunt
773 2083 895 2156 etiam,
920 2084 993 2165 qui,
1016 2085 1043 2146 si
1064 2086 1215 2160 decedas,
1240 2108 1257 2149 a
1279 2098 1310 2149 to
1333 2086 1470 2170 relinqui

142 2202 259 2264 posse,
290 2178 345 2263 qui
370 2176 555 2258 provinciae
578 2177 731 2257 praesit.''
768 2178 809 2239 sd
833 2176 924 2239 Fato.
951 2178 976 2241 Ι.
1000 2178 1036 2251 9,
1060 2178 1112 2242 25.
1148 2212 1187 2224 -
1221 2182 1372 2262 „Appius
1401 2181 1469 2246 sine

142 2274 360 2361 legecuriota
371 2273 539 2336 confit-tuat
551 2293 586 2334 se
597 2272 737 2334 Lentulo
750 2281 863 2334 nostro
874 2274 1129 2334 successuraun.”
1144 2275 1182 2336 ad
1195 2274 1237 2353 Q.
1250 2275 1308 2337 Fr.
1321 2275 1385 2339 lll.
1396 2277 1428 2350 2,
1437 2277 1468 2344 3.

227 2366 455 2451 ,Cognoscitn
489 2385 588 2437 nune,
621 2385 702 2448 quae
737 2376 878 2446 potestas
911 2365 1115 2439 decemviris,
1151 2376 1183 2427 et
1216 2378 1331 2450 quante
1365 2370 1470 2434 detur.

143 2461 287 2529 Primum
310 2462 382 2544 lege
400 2460 536 2524 curiata
561 2458 761 2522 decemviros
785 2470 889 2521 ornat.
934 2458 1001 2521 lein
1027 2459 1091 2522 hoc
1110 2458 1301 2535 inauditnm,
1325 2471 1357 2523 et
1377 2461 1470 2543 plane

142 2578 229 2621 nono
251 2576 358 2630 ruore,
382 2555 426 2617 uti
448 2554 585 2617 curiata
607 2555 679 2638 lege
701 2551 906 2635 magistratus
929 2555 1038 2625 detur,
1063 2552 1112 2615 cui
1130 2553 1223 2617 nullis
1242 2555 1379 2618 comitiis
1399 2569 1470 2619 ante

142 2653 180 2715 tit
209 2653 317 2716 deltis.
367 2650 448 2712 Earn
475 2649 575 2730 lcgern
606 2649 646 2708 ab
672 2668 711 2709 eo
738 2657 908 2727 praetore,
943 2646 998 2728 qui
1021 2646 1061 2709 sit
1090 2646 1209 2728 prunus
1236 2648 1356 2724 lactus,
1391 2647 1471 2714 lerri

142 2748 241 2811 iubet.
287 2746 334 2808 At
356 2741 541 2828 quomodo?
563 2743 606 2807 Ut
627 2741 649 2803 ii
670 2739 914 2803 decemviratum
938 2741 1095 2815 habeant,
1120 2761 1201 2824 quos
1217 2742 1308 2823 plebs
1324 2742 1470 2827 designa·

144 2840 236 2905 terit.
282 2838 414 2903 Oblitus
435 2850 500 2912 cst,
525 2837 630 2900 nullos
655 2837 695 2897 ab
723 2835 818 2916 plebe
845 2833 1017 2918 designari.
1063 2837 1107 2899 Et
1129 2838 1155 2899 is
1180 2838 1290 2899 orbern
1312 2850 1469 2901 terrsrttnr

145 2931 337 3016 constringit
362 2932 453 2995 novis
477 2931 617 3014 legibus,
654 2928 724 3013 qni,
759 2931 845 3010 quod
872 2928 902 2990 in
928 2931 1067 2992 secttndo
1095 2929 1198 3010 capite
1224 2931 1375 3009 scripturn
1399 2942 1467 3007 est,

145 3049 208 3090 non
233 3027 373 3089 isieininit
396 3027 426 3088 iu
450 3024 568 3088 tertio?
603 3027 710 3107 Atque
734 3023 785 3085 hic
810 3022 1013 3106 perspicuum
1036 3034 1101 3098 est,
1131 3025 1209 3107 quid
1230 3023 1311 3087 iuris
1335 3047 1351 3088 a
1374 3026 1472 3090 uisio-

145 3125 232 3185 ribus
248 3121 452 3202 acceperitis,
477 3119 552 3203 quid
570 3122 608 3178 ab
626 3121 686 3180 hoe
702 3121 829 3181 tribuno
846 3117 947 3199 plebis
965 3118 1055 3179 vobis
1071 3117 1281 3200 relinquatur.
1326 3120 1471 3184 Maiores

148 3218 183 3276 de
210 3216 360 3278 omnibus
387 3214 625 3291 tiiaqistratilius
655 3211 703 3272 bis
731 3233 789 3274 vos
816 3211 1001 3273 sententiani
1031 3211 1116 3272 leri-c
1147 3212 1328 3278 voluerunt.
1391 3217 1469 3276 Natu

148 3331 216 3369 cum
242 3307 418 3370 centuriata
444 3309 494 3368 lex
518 3305 704 3369 censoribus
728 3307 908 3376 ferebatur,
938 3326 1009 3366 cum
1031 3305 1169 3367 cni-iuna
1192 3309 1309 3369 ceteris
1331 3309 1471 3388 patriciis

149 3402 403 3485 magistratibus3
427 3414 489 3463 tnui
516 3401 626 3462 itt-rum
650 3402 688 3461 de
709 3399 824 3461 eisdeiu
845 3400 1057 3473 indicabatur,
1084 3410 1117 3460 ut
1133 3412 1200 3462 eset
1217 3402 1471 3482 reprehendendi

148 3508 307 3578 potestas,
342 3494 368 3556 si
400 3495 549 3575 populutu
583 3493 724 3555 lienclicii
751 3493 799 3556 sui
829 3492 1019 3575 poeniteret.
1075 3496 1167 3555 Nunc
1192 3495 1264 3575 quia
1292 3497 1392 3577 prima
1419 3498 1470 3560 illa

149 3591 274 3654 coniti:
297 3589 410 3651 tent-tis·
434 3590 606 3650 centuriata
630 3600 660 3649 ct
687 3589 823 3659 tributa3
858 3587 976 3648 curiata
1003 3599 1121 3648 tantuin
1145 3588 1356 3667 auspiciorum
1378 3610 1472 3652 cause

150 3695 380 3747 rettteuserttul.
429 3684 488 3744 Hic
511 3694 612 3743 autent
633 3682 776 3742 tribunus
800 3679 916 3762 plebis,
944 3679 1015 3761 quis
1039 3679 1181 3753 videbat,
1207 3695 1394 3761 potestatem
1420 3704 1473 3746 nc·

149 3780 261 3841 uiincm
294 3777 412 3839 iniussu
442 3776 553 3858 populi
584 3788 636 3837 aut
670 3775 771 3855 plebis
799 3796 894 3856 posse
924 3776 1059 3849 habere,
1092 3774 1220 3837 esuriatis
1253 3798 1289 3837 ea
1316 3776 1468 3851 consitiis,

149 3894 229 3953 quac
252 3893 313 3935 vos
334 3892 396 3933 nou
418 3870 539 3941 scistis,
564 3869 784 3933 coulirinavit:
810 3871 943 3942 tributu,
969 3889 1048 3951 quse
1072 3883 1177 3930 vestra
1201 3883 1308 3943 erant,
1333 3869 1472 3932 sustulit.

150 3968 219 4040 lta,
242 3988 315 4027 cuni
339 3964 477 4027 rriainres
500 3964 580 4025 binis
607 3962 742 4026 rottiitiis
767 3962 923 4026 voluerint
946 3984 1004 4025 vos
1028 3966 1065 4024 de
1087 3962 1220 4045 siugulis
1238 3963 1473 4037 magistratibus

149 4061 310 4123 iudicare:
335 4060 387 4121 hic
412 4067 505 4121 bosun
527 4059 690 4140 pupillaris
715 4079 751 4118 ue
776 4078 866 4118 ttnoui
890 4057 1014 4139 quidem
1041 4057 1163 4138 populo
1190 4057 1390 4122 comitiorum
1415 4077 1474 4136 po·

150 4166 293 4218 testatem
319 4154 460 4236 reliquit.
505 4156 568 4214 Sed
594 4152 696 4212 videte
717 4151 851 4211 hoiniuis
867 4150 1051 4232 religionem
1075 4162 1105 4212 et
1129 4151 1337 4233 diligentium.
1386 4150 1473 4211 Vidit

149 4264 177 4313 et
192 4249 380 4333 pcrspcxit,
406 4250 472 4309 sine
487 4247 623 4308 11111111
639 4246 707 4326 lege
728 4244 925 4306 decemviros
945 4246 1061 4306 habere
1079 4256 1265 4324 potestatem
1287 4266 1350 4308 uon
1368 4265 1475 4325 posse,

149 4347 297 4429 quoniam
320 4365 377 4423 per
402 4363 514 4402 nutent
543 4343 643 4402 tribus
668 4352 768 4400 esseut
794 4338 969 4399 constituti.
1015 4339 1106 4401 Iubet
1129 4337 1214 4398 lerrc
1238 4338 1275 4397 de
1302 4338 1348 4398 his
1372 4339 1474 4417 legem

149 4440 337 4502 sctrictam:
372 4435 513 4516 praetori
545 4435 691 4515 irruperat.
737 4433 838 4509 Quatu
867 4431 897 4493 id
929 4432 1028 4511 ipsuui
1060 4432 1215 4502 absurde,
1252 4431 1326 4492 nibil
1358 4435 1395 4492 etl
1426 4448 1475 4496 stro

149 4538 271 4595 attinet.
321 4533 410 4594 lubet
442 4530 541 4603 cuiun,
578 4530 636 4613 qui
663 4525 798 4609 primus
826 4527 870 4587 sit
903 4537 1046 4605 praetor
1069 4522 1219 4612 factito,
1255 4547 1333 4586 eum
1365 4527 1475 4611 legem

148 4622 509 4716 ritrintainfiu·r·e:
545 4625 597 4686 siu
621 4620 771 4712 inferre
795 4641 862 4680 non
882 4619 1011 4702 possit,
1035 4618 1094 4700 qui
1113 4629 1309 4699 postremus
1338 4621 1403 4684 sit:
1441 4636 1474 4684 ut

149 4735 200 4784 sut
222 4724 335 4784 lusisse
361 4719 392 4782 iu
421 4718 514 4781 tantis
537 4722 631 4780 rebus
654 4727 706 4778 atu
729 4714 879 4796 prolecto
904 4712 1010 4774 nescio
1035 4711 1107 4793 quid
1135 4722 1293 4791 spectasse
1316 4713 1471 4778 videatur.

151 4817 275 4881 Verum
299 4816 380 4891 hoc,
408 4814 496 4897 quod
517 4824 565 4876 est
588 4820 642 4874 ant
667 4810 708 4874 ita
734 4828 938 4891 perversum,
964 4816 997 4870 ut
1021 4805 1204 4883 ridiculum,
1236 4818 1290 4870 eut
1315 4807 1357 4868 ita
1385 4807 1474 4870 tuali-
