3202 5318
623 356 774 423 monn
794 356 976 423 oneum.
1402 358 1480 424 ua.
1523 322 1529 329 ’

131 522 209 565 cnm
236 497 364 581 collega
392 495 782 581 tibique-successurum:
821 498 921 583 legem
948 494 1098 561 curiatam
1128 496 1251 560 consuli
1273 498 1352 563 ferri
1378 520 1462 583 opus

133 614 231 666 esse,
260 612 392 655 necesse
413 612 477 655 non
501 611 590 653 esse:
625 612 676 665 se,
706 592 855 675 quoniam
877 613 920 654 ex
941 603 1068 654 senatus
1090 591 1237 653 consulto
1265 592 1462 676 provinciam

134 688 292 762 haberet,
317 686 390 771 iege
405 685 567 751 cernetis
579 684 745 767 imperium
762 684 962 759 habiturum,
980 687 1086 768 quoad
1102 685 1133 747 in
1146 687 1255 748 urbem
1270 685 1463 752 introisset.”

134 787 175 845 ad
194 780 292 847 Fam.
312 780 344 845 1.
366 780 404 855 0,
429 780 482 842 25.
504 812 546 825 -
570 781 670 859 „Non
693 782 789 843 modo
805 779 849 841 ibi
862 798 924 843 non
940 778 1046 852 fuisti,
1072 777 1126 840 ubi
1148 801 1197 842 me
1216 801 1308 864 quarn
1327 781 1463 863 primum

135 874 249 941 ridere
273 893 404 956 posses,
427 872 484 935 sed
504 891 545 935 eo
565 869 751 948 discessisti,
776 894 839 955 quo
855 894 918 957 ego
934 885 965 935 te
982 893 1021 936 ne
1035 877 1183 957 persequi
1196 876 1321 956 quidem
1337 894 1462 955 possem
1524 928 1530 943 .

134 967 273 1054 triginta
291 969 422 1040 diebus,
446 964 501 1049 qui
522 965 579 1029 tibi
596 969 635 1030 ad
650 968 863 1032 decedendum
881 968 970 1049 iege,
996 978 1030 1029 ιιι
1048 967 1180 1049 opinor,
1204 966 1365 1033 Cornelio
1385 984 1465 1032 eost·

136 1060 241 1129 nunti
255 1059 397 1125 essent.”
421 1062 460 1124 ad
480 1060 570 1128 Fam.
585 1060 652 1125 ΙΙΙ.
675 1060 713 1138 6,
737 1062 771 1125 3.
794 1096 836 1111 --
858 1062 924 1134 „Ut
946 1063 1062 1124 babere
1077 1060 1232 1125 rationem
1252 1062 1374 1143 possis,
1397 1082 1465 1146 quo

136 1156 216 1221 tneo
235 1154 393 1218 menstra
417 1153 489 1240 lege
510 1154 671 1220 Cornelio
694 1153 882 1243 convenias,
907 1175 970 1238 ego
995 1153 1025 1215 in
1047 1155 1243 1237 provinciam
1271 1156 1341 1220 reni
1362 1156 1465 1238 pridie

138 1248 303 1317 murdse
324 1247 482 1320 Sextilest
505 1248 566 1311 iter
588 1247 619 1311 in
640 1248 784 1313 Ciiiciam
800 1249 884 1312 incio
902 1269 961 1331 per
984 1248 1240 1331 Cappadociam
1260 1263 1364 1312 cnstra
1380 1248 1467 1313 mori

138 1344 180 1407 ab
200 1341 320 1409 leonio
339 1340 443 1424 pridie
468 1342 628 1415 Kalendas
660 1345 877 1425 Septembres.
931 1344 1025 1407 Nune
1051 1354 1085 1405 tu
1111 1356 1142 1409 ct
1167 1365 1208 1407 ex
1233 1344 1342 1407 diebus
1366 1354 1398 1408 et
1425 1366 1467 1409 ea

138 1436 267 1503 ratione
283 1435 426 1511 itineris,
450 1434 476 1499 si
497 1437 621 1517 putabis
642 1459 691 1501 rue
710 1458 781 1501 esse
800 1435 1066 1513 conveniendum,
1091 1438 1282 1513 constitues,
1308 1460 1373 1521 qno
1391 1438 1467 1503 loco

139 1531 173 1597 id
193 1528 453 1597 commodissime
471 1529 544 1593 iieri
565 1531 667 1613 possit
689 1542 721 1592 et
742 1553 808 1616 quo
830 1530 918 1594 dic.’'
940 1532 978 1591 ad
997 1531 1088 1593 Fam.
1110 1530 1178 1595 ltl.
1202 1534 1241 1606 6,
1266 1532 1299 1593 6.
1321 1562 1364 1575 -
1388 1532 1469 1605 ,At

141 1646 192 1693 ttte
213 1624 304 1691 adire
325 1625 478 1709 quosdam
503 1624 644 1702 memini,
672 1624 818 1687 nimirum
841 1645 882 1687 ex
904 1623 1075 1705 Epicteto,
1108 1625 1161 1709 qui
1184 1624 1345 1701 dicerent,
1377 1626 1468 1689 trinnis

142 1740 277 1807 magnos
301 1731 447 1800 sumptus
469 1719 581 1798 legatus
608 1719 753 1783 decerni:
788 1718 903 1803 quibus
923 1739 986 1802 ego
1011 1730 1160 1781 nontam
1189 1719 1345 1801 imperavi
1373 1741 1468 1805 quam

142 1814 250 1878 ernstii
273 1826 417 1896 sumptus
438 1813 551 1897 legatis
570 1834 663 1896 quarn
685 1813 818 1875 rsrsxisne
841 1814 879 1873 ad
898 1812 999 1896 legem
1022 1808 1214 1876 Corneliam
1237 1815 1467 1878 decernendos.
1558 1855 1563 1863 -

142 1910 251 1995 Atque
278 1908 308 1970 in
339 1927 379 1970 eo
407 1907 476 1987 ipso
501 1927 549 1968 me
572 1927 634 1969 non
661 1927 886 1987 perseverasse
907 1915 1004 1969 testes
1026 1918 1098 1968 sunt
1125 1907 1267 1970 rationes
1292 1907 1467 1982 civitatum,

142 2001 172 2066 in
198 2002 337 2089 qnibtts,
370 2012 520 2083 qttantrun
542 2021 687 2084 quaeque
715 1999 834 2077 vuissit,
868 2000 980 2084 legatis
1012 2001 1073 2063 tuis
1099 2003 1203 2063 datum
1228 1998 1386 2064 induxit.”
1430 2001 1469 2063 ad

142 2096 234 2161 rsus.
258 2095 328 2162 ttl.
354 2098 412 2169 to,
436 2096 468 2158 6.
514 2094 614 2159 cont.
638 2095 704 2159 ttl.
728 2095 761 2156 8.

226 2188 335 2255 Huius
354 2188 435 2274 legis
457 2189 560 2271 capitu
581 2191 664 2271 apud
688 2187 875 2252 Ciceronem
899 2189 978 2250 haec
999 2187 1148 2270 reperio:
1172 2190 1221 2269 (t)
1243 2190 1394 2271 Sumptus
1413 2190 1470 2253 de·

143 2283 292 2360 finiebat,
317 2303 401 2369 quos
423 2283 533 2345 liceret
552 2281 733 2346 civitatibus
753 2280 1004 2363 provincialibus
1027 2284 1134 2346 iacere
1153 2281 1183 2344 in
1207 2284 1320 2367 tegatis
1344 2282 1470 2365 publice

145 2376 282 2443 Bonam
299 2376 476 2446 mittendis,
497 2388 528 2438 ut
543 2398 599 2440 eos
614 2378 642 2438 in
659 2388 767 2438 senatu
784 2376 964 2451 insudarent,
978 2374 1032 2461 qui
1046 2375 1233 2459 provinciae
1245 2375 1470 2457 praefuissent.

145 2471 209 2554 Ep.
240 2473 282 2535 ad
310 2470 388 2536 niv.
419 2471 484 2535 tlt.
506 2471 543 2547 8,
570 2472 622 2533 10.
667 2469 852 2545 sanciebat,
883 2471 931 2545 (0)
952 2481 986 2531 ιιι
1009 2468 1064 2554 qtti
1088 2469 1272 2551 provincias
1294 2492 1335 2533 ert
1365 2472 1401 2535 S.
1427 2468 1469 2536 C.

143 2565 217 2651 lege
240 2565 450 2649 Sempronio
472 2564 641 2641 Haberent,
665 2563 828 2646 imperium
845 2562 1036 2638 retinerent,
1061 2566 1169 2648 quoad
1188 2563 1218 2626 in
1238 2567 1349 2628 urbem
1368 2563 1470 2628 intro·

142 2658 254 2725 issesn
299 2660 398 2739 stod
422 2660 489 2724 sins
517 2659 614 2723 dubio
638 2681 700 2721 nou
725 2661 806 2722 hanc
834 2658 894 2720 viro
918 2659 1070 2733 habebat,
1104 2669 1138 2719 ιιι
1160 2678 1200 2720 ert
1228 2656 1300 2742 lege
1326 2659 1387 2721 hac
1410 2657 1470 2722 int·

142 2755 267 2836 perium
292 2755 463 2829 haberent,
496 2766 527 2817 et
551 2776 618 2817 reru
645 2752 806 2816 militarem
830 2751 988 2836 attingere
1011 2764 1140 2833 possent
1161 2764 1347 2834 praetores,
1382 2753 1471 2838 quod

143 2848 312 2911 eenriats
335 2846 409 2932 iege
430 2848 606 2924 habebaut,
631 2851 688 2910 sed
712 2858 760 2921 ut,
790 2845 818 2909 si
839 2867 899 2929 per
924 2845 1075 2909 curiatam
1102 2845 1204 2928 legem
1226 2844 1393 2928 imperium
1416 2848 1473 2910 hs·
1584 2906 1589 2913 .

143 2942 277 3016 berem,
300 2940 333 3004 id
355 2963 419 3006 non
442 2954 503 3005 tam
526 2942 580 3005 diu
602 2944 773 3015 haberent,
797 2944 904 3024 quoad
924 2963 942 3003 e
965 2940 1130 3021 provincia
1151 2939 1376 3016 decessissent,
1399 2942 1469 3016 sed,

143 3038 254 3120 quoad
279 3034 309 3098 in
332 3038 441 3099 urbem
463 3036 659 3099 introissent.
705 3033 857 3099 Ceterum
874 3038 1038 3117 quomodo
1054 3035 1083 3096 in
1099 3036 1160 3097 hac
1177 3035 1249 3120 iege
1265 3032 1472 3098 calumniatus

144 3132 185 3195 sit
206 3130 357 3214 Appius,
382 3129 449 3194 vid.
473 3132 538 3210 Ep.
563 3133 602 3192 nd
624 3129 699 3193 Dtv.
723 3129 752 3192 l.
777 3129 809 3192 9.
854 3128 910 3194 (ΞΓ.
934 3128 1049 3212 Sigon.
1074 3132 1113 3192 de
1135 3131 1181 3193 Α.
1205 3129 1234 3192 1.
1259 3129 1300 3193 P.
1331 3129 1396 3193 ΙΙΙ.
1419 3133 1476 3195 11.-

145 3226 228 3289 eirca
257 3225 366 3289 finem.
411 3225 457 3303 (3)
482 3227 527 3289 Ut
554 3224 712 3287 tricesimo
739 3222 807 3298 die,
843 3234 1010 3306 postquam
1039 3223 1070 3284 iu
1103 3222 1301 3303 provinciam
1331 3222 1471 3286 venisset

144 3340 329 3399 successor,
351 3322 389 3383 de
413 3317 580 3402 provincia
603 3329 732 3400 praetor
755 3320 932 3382 decederet.
976 3317 1061 3380 lbid.
1084 3316 1155 3381 ΙΙΙ.
1178 3318 1208 3381 6.
1241 3316 1325 3381 Euat.

316 3476 491 3545 Conuenit
513 3476 785 3542 testamentaria.

232 3600 369 3687 „Atque
394 3600 425 3665 in
449 3600 497 3663 his
525 3599 600 3682 ipsis
625 3601 721 3662 rebus
744 3599 840 3662 multa
869 3598 1010 3663 videmus
1039 3597 1082 3660 ita
1108 3609 1215 3661 sancta
1239 3619 1308 3663 esse
1331 3598 1468 3683 iegibus,

146 3706 182 3759 nt
198 3694 371 3759 antefacta
391 3695 423 3758 in
436 3695 586 3758 iudicium
606 3714 671 3757 non
689 3708 855 3757 vocentur.
900 3692 1061 3757 Cornelia
1077 3692 1356 3770 testamentoria,
1381 3715 1472 3757 ιιιιιιι-

146 3789 265 3866 tnaria,
296 3802 422 3854 ceterae
447 3789 646 3870 compiures3
680 3786 711 3849 in
743 3787 856 3871 quibus
886 3787 1022 3850 nonius
1048 3787 1177 3870 aliquod
1203 3808 1319 3851 novum
1345 3787 1471 3869 populo

145 3884 370 3959 constituitur,
394 3885 451 3946 sed
469 3883 627 3956 sancitur,
651 3892 705 3955 nt,
731 3883 817 3963 quod
835 3902 960 3963 semper
982 3881 1095 3943 nralurn
1118 3881 1241 3945 facinus
1262 3881 1377 3954 suerit,
1402 3881 1469 3944 cine

146 3979 295 4065 quaestio
317 3981 358 4041 ad
379 3978 530 4060 populum
553 3975 709 4058 pertineat
736 3997 776 4038 ex
800 3987 890 4039 certo
915 3976 1093 4057 temporc.''
1136 3978 1235 4039 Vere.
1264 3975 1321 4037 tib.
1353 3975 1379 4039 Ι.
1408 3973 1467 4050 tt,

150 4074 223 4139 1⁰8.
242 4108 286 4121 -
310 4074 408 4155 „Lex
434 4068 591 4135 Cornelia
612 4071 653 4132 de
665 4067 800 4158 falsis,
825 4089 906 4154 quae
927 4069 1019 4132 etiam
1036 4068 1298 4132 testamentoria
1321 4078 1467 4144 vocatur,

148 4188 284 4250 poenam
317 4167 444 4250 irrogat
472 4165 519 4239 ei,
555 4163 610 4250 qui
640 4174 854 4226 testamentum
887 4164 939 4226 vel
973 4163 1057 4226 niiud
1084 4163 1324 4225 instrumentum
1354 4163 1469 4226 iaisunt

147 4261 330 4343 scripserit,
354 4259 546 4343 signaverit,
571 4256 772 4328 recitaverit,
796 4256 983 4332 subiecerit,
1008 4257 1102 4340 quive
1119 4255 1242 4339 signum
1259 4255 1469 4319 adulterinum

148 4356 277 4431 iecerit,
303 4354 489 4434 sculpserit,
514 4350 708 4434 expresserit
731 4349 832 4413 sciens
856 4351 932 4415 dolo
960 4353 1056 4414 rrralo.
1102 4351 1244 4432 Eiusque
1265 4348 1347 4433 legis
1367 4371 1469 4431 poena

148 4449 178 4512 in
199 4470 315 4514 servos
339 4448 477 4511 ultimum
500 4446 688 4529 supplicium
713 4457 779 4520 est,
803 4443 834 4506 in
857 4445 976 4508 liberos
1000 4463 1077 4508 vero
1100 4441 1319 4525 deportatio.’'
1363 4443 1469 4509 instit.

149 4543 213 4609 IV.
235 4546 292 4619 ts,
319 4546 350 4609 t.

232 4638 315 4703 vit.
339 4638 403 4702 lul.
426 4636 522 4704 Pauli
543 4637 680 4719 Recept.
702 4632 925 4696 sententiarum
948 4632 992 4695 L.
1016 4633 1063 4695 V.
1088 4630 1155 4693 Tit.
1179 4631 1232 4695 25.
1261 4642 1292 4695 et
1313 4629 1359 4696 ibi
1381 4630 1470 4698 viros

152 4734 266 4799 doctos
289 4734 374 4815 apud
395 4731 575 4815 Schulting.
598 4752 632 4810 p.
656 4728 718 4792 stt
739 4748 809 4813 seq.
843 4728 928 4793 Eun.
972 4725 1065 4790 Hanc
1087 4726 1190 4811 iegeru
1207 4722 1325 4792 Cicero
1342 4726 1472 4813 respicit

153 4826 243 4891 etiam
267 4828 307 4892 de
330 4827 407 4893 Nat.
428 4826 532 4890 Deor.
556 4823 623 4890 ltt.
647 4823 705 4901 30,
730 4823 784 4887 tt.
