3202 5318
146 266 210 337 ιιι
629 262 980 349 tumescunt.

142 406 286 481 ww·
315 424 378 471 nee
404 428 484 474 eom
508 430 546 475 ae
569 406 735 493 obrogari
750 423 919 489 passuros
938 400 1088 466 aiebant.
1121 399 1197 465 Lir.
1219 402 1393 471 XXXIV.
1421 408 1464 485 l.)

143 500 269 563 domum
293 519 389 565 arisae
408 515 481 566 suar
503 503 664 575 obsidere,
694 495 749 581 qui
771 494 973 580 abrogationi
1000 496 1081 579 legis
1108 495 1240 579 Oppiae
1263 499 1463 564 intercedere

142 592 246 677 parati
269 607 377 673 erant,
407 620 504 683 quana
532 595 665 661 lemicae
693 588 763 654 tolli
787 588 978 672 cupiebant:
999 590 1085 675 ¹quia
1117 588 1164 652 his
1194 610 1253 652 nec
1274 601 1360 653 veste
1386 593 1464 656 varii

131 686 345 765 00100000,
365 712 425 756 uec
445 690 513 755 auri
527 689 598 773 plus
617 682 774 751 semuncia
798 684 934 758 babere,
959 704 1017 747 nec
1038 684 1148 749 iuncto
1166 682 1310 771 vehiculo
1328 685 1466 766 propius

143 782 254 845 urbem
283 784 368 849 mille
393 805 504 867 passus
532 780 590 845 nisi
615 776 762 855 sacrificii
783 776 885 862 gratia
913 776 985 840 rebi
1008 777 1226 861 permittebat.
1269 778 1311 841 Et
1338 778 1466 862 quidem

145 872 369 953 obtinuerunt,
393 888 427 942 ut
452 876 500 939 ius
525 895 582 957 per
604 872 774 937 continuos
799 869 913 955 viginti
939 891 1038 935 annos
1058 883 1221 935 serratum
1250 871 1465 937 aboleretur.”

146 970 261 1035 vater.
284 970 380 1033 Max.
402 970 468 1035 tx.
492 971 530 1045 1,
553 969 585 1032 3.
620 965 720 1032 Conl.
744 965 883 1031 Orosius
905 964 971 1030 IV.
994 966 1047 1030 20.

226 1063 359 1149 Oppias
380 1063 468 1148 leges
490 1082 622 1127 numero
645 1058 760 1144 plurali
781 1057 923 1124 nominat
945 1061 1077 1123 Tacitus
1100 1062 1187 1124 Anu.
1211 1060 1277 1126 111.
1300 1060 1341 1125 33
1362 1072 1394 1125 et
1416 1060 1469 1124 34.

278 1236 281 1243 '
409 1238 543 1304 Οιοιιιι
564 1236 797 1323 sumptuaria.
842 1236 920 1303 Vid.
944 1240 1196 1304 Surrrrosmse.

582 1416 750 1482 Ornours.
792 1416 1037 1482 Vid.Rosc1s.

520 1597 629 1661 Puris
651 1594 693 1658 de
718 1595 909 1663 Vestalium
931 1594 1087 1660 lectione.

228 1719 403 1826 „Papiam
426 1716 577 1803 legem
567 1716 761 1794 invenimus,
796 1740 858 1801 qua
896 1729 1045 1794 cavetur,
1082 1728 1115 1779 ut
1147 1718 1307 1800 pontilicis
1341 1722 1468 1789 maximi

143 1794 297 1880 arbitratu
320 1812 460 1897 virgines
487 1834 503 1875 e
529 1811 653 1918 pop-ulo
676 1811 788 1918 uiginti
815 1812 963 1897 legantur
984 1810 1177 1896 sortitioque
1198 1813 1230 1875 iu
1253 1815 1406 1880 contione
1428 1839 1468 1880 ex

143 1930 184 1975 eo
209 1929 344 1972 numero
368 1907 439 1982 liat,
471 1918 519 1980 et,
551 1906 641 1969 errius
668 1904 802 1988 virginis
825 1907 918 1969 dircta
943 1906 1020 1981 erit,
1044 1916 1078 1968 ut
1100 1927 1168 1968 earu
1194 1907 1345 1988 pontifex
1368 1910 1469 1973 maxi·

146 2014 215 2067 snus
237 2002 342 2086 capiat
365 2022 466 2085 eaque
492 2000 614 2062 Vestae
636 1998 704 2062 liat.
749 2000 812 2062 Sed
836 2020 871 2063 ea
894 1999 1022 2063 sortitio
1045 2021 1084 2062 οιι
1111 1999 1182 2085 lege
1203 2002 1313 2083 Papia
1332 2024 1397 2067 non
1418 2026 1469 2068 ue·

145 2097 281 2161 cessaria
303 2116 386 2159 urrnc
411 2093 511 2159 videri
532 2094 626 2157 solet.
672 2094 753 2156 Nam
777 2091 804 2156 si
823 2093 894 2178 quis
915 2095 1053 2157 honesto
1076 2093 1150 2157 loco
1173 2106 1264 2158 natus
1283 2098 1375 2159 adeat
1390 2120 1470 2180 pou·

145 2188 450 2261 tihcemmaximrun
473 2201 568 2272 atque
592 2188 709 2251 offerat
729 2189 769 2249 ad
786 2188 998 2251 sacerdotium
1022 2186 1117 2250 liliam
1140 2208 1246 2265 stram,
1271 2188 1361 2253 cuius
1380 2194 1470 2254 drrru·

143 2294 232 2347 taxat
246 2283 342 2347 salvis
357 2282 548 2368 religionum
566 2280 845 2355 observationibus
860 2281 942 2345 ratio
955 2280 1066 2344 baberi
1081 2281 1202 2365 possit,
1227 2283 1329 2367 gratia
1340 2286 1469 2370 Papias

142 2376 226 2465 legis
247 2398 307 2460 per
328 2389 468 2441 senatum
490 2376 561 2441 fit.”
595 2378 640 2440 A.
664 2375 788 2439 Gellius
812 2378 839 2440 l.
865 2377 922 2451 12,
948 2377 1094 2440 11-12.

226 2470 347 2555 Pigbio
362 2475 450 2537 Anu.
474 2472 573 2537 Rour.
598 2472 641 2534 T.
666 2470 714 2533 tl.
737 2491 772 2553 p.
797 2471 850 2534 51.
874 2471 935 2535 lata
959 2469 1084 2534 videtur
1106 2491 1137 2534 a.
1161 2491 1193 2534 u.
1217 2470 1291 2535 504.
1313 2495 1337 2536 a
1357 2473 1466 2559 Papio

141 2563 271 2631 tribuno
295 2566 411 2649 plebis.

419 2726 526 2789 Ριιιιιι
550 2725 591 2788 de
609 2722 807 2809 peregrinis
828 2746 875 2787 ex
897 2724 981 2787 urbe
1002 2723 1189 2788 siis-iendis.
1300 2782 1304 2788 .

225 2845 338 2921 „Male
360 2847 471 2921 etiam,
503 2846 556 2932 qui
580 2847 768 2931 peregrinos
792 2846 923 2910 urbibus
947 2844 992 2909 uti
1014 2847 1187 2927 prohibent
1211 2867 1331 2931 eosque
1357 2858 1465 2912 exter·

140 2938 277 3017 minant,
302 2953 336 3004 ut
356 2941 484 3005 Pennus
508 2944 591 3023 apud
609 2953 716 3025 patres
739 2951 886 3017 nostros,
912 2940 1040 3022 Papius
1058 2962 1171 3022 nuper.
1216 2943 1296 3005 Nam
1320 2937 1467 3026 essepro

140 3035 228 3111 cire,
263 3034 318 3118 qui
345 3035 423 3099 ciris
445 3056 509 3103 noo
531 3036 589 3109 sit,
622 3049 743 3099 rectum
772 3045 908 3100 estnon
932 3035 1047 3098 licere.
1079 3057 1171 3118 quam
1196 3036 1336 3100 tulerunt
1363 3038 1467 3122 legent

139 3128 363 3210 sapientissimi
384 3129 530 3194 consules
556 3127 691 3194 Crassus
720 3141 752 3193 et
779 3128 955 3193 Scaevola:
989 3151 1047 3193 usu
1076 3150 1155 3193 vero
1179 3130 1267 3195 urbis
1293 3132 1468 3214 prohibere

139 3243 331 3308 peregrinos
345 3242 420 3286 saue
434 3222 633 3287 inhumanum
650 3226 722 3287 est
724 3223 794 3286 ’de
817 3222 908 3288 offic.
930 3222 995 3287 111.
1020 3224 1075 3300 11,
1099 3227 1216 3286 41.-
1239 3224 1374 3309 „Quid‘i
1395 3248 1467 3289 cum

139 3314 238 3379 ceteri
260 3337 324 3379 non
347 3319 444 3381 modo
466 3328 544 3399 post
564 3316 724 3381 civitatem
747 3319 866 3392 datam,
892 3319 948 3379 sed
970 3316 1064 3380 etiam
1089 3328 1163 3399 post
1183 3319 1288 3402 legem
1307 3318 1465 3401 Papiam,

139 3406 246 3493 aliquo
275 3410 407 3473 modo
398 3432 429 3473 tn
456 3432 567 3474 eorsum
594 3411 838 3495 municipiorum
862 3410 1015 3474 tabulas
1008 3411 1213 3493 irrepserint:
1244 3410 1312 3487 hic,
1344 3413 1398 3496 qui
1425 3435 1466 3477 ne

139 3502 238 3566 utitur
259 3502 386 3588 quidem
409 3502 491 3579 illis,
514 3504 547 3566 in
570 3504 684 3588 quibus
704 3517 751 3569 cst
772 3503 927 3586 scriptus,
952 3507 1039 3586 quod
1062 3526 1187 3588 semper
1209 3525 1243 3568 se
1270 3507 1466 3570 Heracleen-

138 3616 204 3661 sem
233 3617 302 3661 esse
329 3596 450 3672 voluit,
481 3597 694 3662 rciicietur?’'
728 3620 789 3681 pro
813 3596 934 3662 Archia
956 3601 992 3673 5,
1018 3600 1069 3661 10.
1092 3634 1133 3648 -
1157 3600 1269 3673 „Reus
1291 3602 1395 3665 lactus
1417 3614 1465 3667 est

138 3689 308 3772 (Archias)
330 3691 402 3774 lege
420 3691 545 3775 Papia,
569 3714 649 3775 qrrae
670 3693 732 3756 lata
756 3693 861 3756 fuerat
883 3695 922 3755 ad
944 3714 1001 3756 eos
1022 3695 1239 3783 coie'rcendop,
1269 3693 1324 3776 qui
1345 3707 1463 3759 temere

139 3796 172 3850 et
193 3785 310 3850 inlicite
330 3784 490 3850 civitatem
512 3786 687 3851 Romanam
708 3787 942 3869 usurpassent.”
964 3787 1076 3850 Schol.
1097 3788 1184 3851 Bob.
1205 3810 1239 3870 p.
1264 3788 1344 3863 354,
1370 3790 1402 3853 5.
1421 3820 1462 3833 -

139 3882 234 3947 Hauc
262 3900 387 3944 causam
419 3880 491 3965 lege
521 3881 632 3964 Papia
659 3882 701 3945 ds
732 3882 868 3946 ciuitate
896 3885 1055 3948 Romana
1082 3883 1165 3963 apud
1195 3881 1239 3962 Q.
1269 3880 1463 3948 Ciceronem

139 3971 220 4038 dixit
247 3972 418 4039 Archias.''
452 3973 564 4039 Schol.
595 3975 681 4039 Bob.
705 3996 740 4058 p.
763 3976 841 4052 354,
873 3977 926 4039 10.
947 4011 1000 4037 ,-
1039 3974 1191 4049 „ludices
1219 3996 1290 4039 cum
1323 3999 1402 4060 prae
1430 4002 1465 4043 se

140 4067 280 4143 ferrent,
313 4068 478 4153 palamque
500 4068 723 4152 loquerentur,
755 4070 830 4153 qrrid
854 4081 958 4133 essent
985 4071 1055 4155 lege
1076 4071 1188 4151 Papia
1207 4071 1245 4133 de
1269 4072 1323 4135 M.
1348 4070 1465 4138 Cassio

141 4160 342 4228 Mamertinis
369 4162 584 4247 repetentibus
612 4162 797 4226 iudicaturi:
831 4163 1017 4229 Mamertini
1044 4162 1171 4246 publice
1197 4176 1344 4246 suscepta
1371 4187 1467 4231 causa

141 4256 365 4321 destiterunt.’'
397 4278 459 4341 pro
488 4257 592 4321 Balbo
622 4257 679 4333 23,
704 4258 757 4322 52.
782 4293 823 4305 -
855 4258 1040 4331 „Absoluta
1062 4255 1200 4321 Gabinio
1227 4260 1464 4325 stomachantes

56 4362 59 4368 ’
139 4348 192 4413 alii
220 4351 339 4416 iudices
364 4353 443 4415 hora
474 4362 550 4435 post
575 4352 767 4416 Antiochum
800 4352 968 4416 Gabinium
994 4353 1101 4416 nescio
1132 4372 1225 4437 quem
1257 4373 1274 4415 e
1301 4352 1465 4436 Sopolidis

140 4440 337 4523 pictoribus,
360 4444 508 4509 libertum
532 4456 564 4509 et
585 4466 749 4510 accensum
773 4445 920 4522 Gabinii,
951 4446 1021 4529 lege
1043 4445 1157 4529 Papia
1177 4446 1442 4514 condemnarunt.
1447 4442 1465 4473 ''

141 4536 180 4597 ad
201 4536 275 4599 Att.
298 4537 362 4601 IV.
387 4545 445 4615 10,
470 4541 522 4605 12.

223 4628 309 4703 „Hic
335 4641 438 4697 tamen
465 4634 585 4745 excipit
613 4635 818 4720 Pompeium,
850 4633 1005 4700 simillime
1028 4644 1123 4716 atque
1145 4631 1177 4697 in
1199 4633 1252 4699 illa
1277 4634 1370 4721 lege,
1393 4660 1464 4724 prro

139 4720 319 4806 peregrini
333 4725 444 4791 Roma
463 4727 666 4807 eiiciantur,
690 4730 886 4814 Glaucippus
908 4724 1081 4811 excipitur.
1125 4729 1202 4794 Nou
1222 4728 1304 4795 enim
1321 4728 1385 4797 bac
1404 4754 1462 4799 ex·
