3202 5318
550 326 702 395 monn
721 326 904 409 aenou.
1325 323 1385 391 nu
1506 270 1509 275 ⁵

659 515 792 581 Μιιιι.

156 657 305 739 „Pontes
328 655 420 719 etiam
444 656 497 720 lea
519 655 643 722 Morio
663 655 740 720 lecit
761 654 950 741 angustos.”
972 659 1012 720 de
1030 657 1140 743 Legg.
1162 655 1230 721 111.
1253 654 1390 733 11,18.

150 753 233 816 Lata
256 771 273 813 a
296 752 335 816 C.
358 750 481 814 Mario
503 749 632 814 tribuno
655 750 756 832 plebis
780 770 837 825 eo,
862 751 916 832 qtti
933 761 1047 833 postea
1068 770 1163 833 saepe
1181 750 1293 814 consul
1314 750 1386 827 tute,

65 867 96 909 a.
119 868 154 910 ιι.
178 845 253 908 631.
276 844 426 906 ambitum
449 847 579 907 eoe'rcet
595 856 625 907 et
641 843 819 906 libertatem
834 843 978 929 suffragii
995 844 1119 907 ferendi
1140 856 1248 930 auget.
1293 843 1390 908 lussit
1425 898 1427 902 Α

64 940 167 1014 enin,
191 951 225 1001 ut
249 948 365 1021 pontes
390 937 591 1019 angustiores
616 937 747 1012 fierent,
767 938 888 1020 'qttibus
909 939 1096 1023 suffragium
1121 939 1261 1002 ferentes
1287 948 1389 1001 trans·

60 1034 170 1108 ibant;
195 1053 233 1095 ne
256 1031 326 1116 quis
351 1030 474 1094 scilieet
494 1031 650 1113 inspicere
671 1031 817 1094 tabellam
833 1043 959 1115 posset,
983 1054 1021 1095 ue
1040 1053 1159 1118 rogare
1175 1035 1214 1096 de
1232 1032 1388 1118 suffragio
1419 1078 1423 1091 .

65 1138 117 1191 aut
134 1127 295 1209 appellare
313 1125 480 1189 lerentem.
526 1126 572 1188 Ea
586 1125 656 1203 iex,
680 1125 752 1209 quia
770 1129 932 1210 potentiae
951 1147 1121 1208 procerum
1140 1126 1288 1210 opposita
1304 1138 1387 1203 erat,

63 1242 81 1283 a
105 1217 205 1285 Cotta
228 1231 259 1282 et
280 1219 419 1284 Metello
445 1241 531 1283 coss.
554 1231 738 1303 oppugnata
764 1232 889 1283 senatus
917 1219 1064 1285 consulto
1090 1232 1154 1297 est,
1178 1224 1236 1286 sed
1255 1221 1387 1287 frustra.

64 1315 145 1379 vit.
166 1314 334 1379 Plutarch.
357 1313 389 1415 in
410 1313 522 1380 Mario
544 1316 588 1398 [c.
610 1314 655 1395 1.]
676 1336 711 1398 p.
735 1315 809 1378 tut.
833 1317 872 1379 ed
893 1315 1044 1379 Wechel.
1077 1317 1163 1379 Ena.

342 1475 500 1537 Marinus
522 1473 564 1536 de
585 1474 760 1558 Iugurtha
779 1475 927 1538 Romam
948 1473 1114 1540 ducendo.

151 1601 265 1677 ‚Haec
294 1611 387 1682 atque
417 1596 476 1659 alia
504 1594 720 1659 huiuscemodi
739 1616 834 1679 saepe
860 1595 995 1661 dicundo
1017 1596 1207 1663 Memmius
1229 1596 1388 1677 (tribum

63 1696 167 1781 plebis
190 1717 220 1759 a.
244 1717 279 1758 ιι.
303 1695 391 1768 612.)
413 1690 534 1774 pupulo
560 1692 746 1772 persuadet,
777 1691 822 1752 uti
847 1692 890 1754 L.
911 1689 1059 1767 Cassius,
1091 1692 1143 1775 qui
1169 1704 1234 1755 turn
1256 1704 1389 1776 praetor

65 1805 154 1867 erat,
180 1794 219 1853 ad
241 1790 430 1873 Iugurtham
448 1785 640 1860 mitteretur,
665 1786 852 1868 interposita
872 1786 934 1850 fide
948 1787 1074 1870 publiea
1090 1787 1225 1850 Romam
1243 1790 1388 1863 duceret,

65 1909 130 1971 qno
151 1884 277 1949 facilius
300 1882 414 1945 indicio
438 1879 523 1961 regis
547 1878 658 1942 Scauri
682 1892 712 1942 et
735 1881 952 1964 reliquorum,
987 1902 1070 1965 qttos
1095 1881 1246 1964 pecuniae
1276 1891 1388 1962 captae

63 1982 284 2052 arcessebant,
311 1978 423 2039 delicta
451 1974 649 2056 patelierent.
672 2010 713 2021 -
734 2011 776 2039 -ι-
805 1977 850 2039 At
873 1974 1004 2041 Cassius
1030 1977 1150 2058 perlata
1177 1975 1388 2061 rogationes

63 2079 100 2141 0.
130 2073 303 2140 Memmio
332 2093 368 2135 ae
396 2070 542 2152 perculsa
570 2069 655 2132 omni
678 2069 841 2133 nobilitate
865 2072 905 2132 ad
926 2069 1116 2154 Iugurtham
1146 2067 1386 2153 proficiscitur”

62 2181 122 2233 eet.
161 2171 283 2235 salust.
309 2166 384 2251 lug.
408 2163 461 2228 32.

288 2345 445 2410 Menum
467 2344 510 2407 de
530 2342 848 2407 calumniatoribus.
892 2341 972 2407 Vid.
997 2344 1157 2407 Rentnrtti.

652 2513 807 2576 Messene

66 2643 104 2706 0.
124 2637 256 2717 Meaaii
276 2635 395 2700 tribuni
417 2635 518 2719 plebis
541 2657 572 2698 a.
596 2657 629 2697 u.
652 2656 682 2698 e.
707 2635 781 2699 696.

239 2797 370 2861 Messtn
392 2796 433 2858 de
454 2792 644 2858 reuocando
666 2792 839 2857 Cicerone.

151 2919 283 3001 „Multa
300 2921 338 2980 de
354 2939 401 2979 me
423 2921 462 2981 C.
486 2915 637 2980 Messius
659 2927 690 2977 et
712 2915 868 2978 amicitiae
891 2927 923 2979 et
943 2915 989 2978 rei
1009 2915 1155 2999 pttblieae
1173 2937 1266 2979 eausa
1284 2916 1385 2980 dixit:

68 3014 168 3098 legem
185 3013 355 3095 separatim
368 3011 458 3074 initio
476 3013 514 3073 de
526 3011 625 3072 salute
638 3030 704 3072 mea
719 3011 969 3093 promulgavit.”
992 3023 1067 3092 post
1079 3011 1191 3075 redein
1203 3034 1270 3074 seu.
1283 3012 1314 3088 8,
1332 3012 1386 3076 21.

233 3173 366 3236 blesam
390 3171 430 3233 de
453 3174 514 3243 Cn.
536 3170 689 3253 Pompeii
711 3170 869 3254 imperio.

150 3295 299 3379 „Legem
323 3294 469 3357 consules
492 3293 767 3373 conscripserunt,
792 3314 853 3375 qua
880 3291 1039 3374 Pompeio
1058 3313 1117 3376 per
1140 3292 1387 3378 quinquennium

68 3391 169 3454 omnis
199 3399 342 3471 potestas
364 3388 410 3450 rei
436 3387 658 3449 frumentariae
685 3397 756 3449 toto
785 3387 863 3449 orbe
889 3397 1045 3450 terrarum
1075 3389 1223 3450 daretur:
1259 3389 1388 3451 alteram

66 3484 241 3558 Messius,
276 3483 331 3566 qut
359 3480 459 3545 omnis
488 3481 638 3562 pecuniae
667 3482 719 3542 dat
741 3491 932 3562 potestatem
962 3492 993 3543 et
1022 3480 1163 3566 adiungit
1193 3484 1325 3546 classem
1355 3493 1388 3546 et

66 3578 244 3641 exereitum
276 3589 306 3640 et
335 3576 431 3638 maius
457 3575 621 3656 imperium
649 3574 678 3636 in
704 3575 876 3655 provinciis
905 3597 997 3657 qttam
1025 3576 1065 3637 sit
1093 3598 1219 3650 eorum,
1254 3577 1306 3661 quii
1334 3597 1388 3639 eas

65 3671 247 3737 obtineant.
292 3670 350 3733 llla
368 3680 475 3732 nostra
492 3669 541 3729 lex
558 3667 733 3730 consularis
750 3690 832 3731 utine
855 3670 995 3732 modesta
1013 3669 1156 3746 videtur,
1182 3673 1260 3735 haee
1273 3671 1388 3736 Messii

65 3789 133 3831 non
154 3768 297 3829 ferenda.
343 3762 515 3846 Pompeius
537 3763 620 3825 illam
644 3762 725 3826 velle
746 3784 781 3825 se
804 3759 896 3840 dicit,
921 3762 1090 3827 familiares
1112 3763 1224 3829 bane.”
1254 3767 1295 3828 ad
1313 3767 1386 3829 Au.

64 3864 129 3927 IV.
156 3866 195 3939 t,
221 3865 253 3924 l.

639 4018 811 4082 Mentem.

150 4146 236 4227 „M.
266 4142 426 4209 Metilius
456 4140 600 4204 tribuous
629 4138 732 4223 plebis
759 4141 804 4218 (a.
833 4161 868 4203 ιι.
899 4161 929 4204 e.
951 4141 1040 4220 536.)
1067 4140 1101 4204 id
1129 4142 1293 4205 lerendum
1318 4162 1387 4207 ease

62 4252 180 4326 negata
217 4260 282 4303 non
312 4250 506 4320 praesentem
539 4235 640 4298 solum
669 4233 854 4295 dictatorem
885 4234 940 4314 (Q.
972 4235 1119 4314 Fabium)
1149 4237 1311 4303 obstitisse
1339 4238 1387 4302 rei

61 4338 142 4398 bene
158 4334 340 4418 gerendae,
364 4332 418 4393 sed
441 4333 601 4393 absentem
625 4328 716 4389 etiam
741 4339 848 4411 gestae
875 4329 1023 4402 obstare3
1047 4341 1078 4391 et
1094 4332 1124 4391 in
1140 4332 1284 4396 ducendo
1300 4333 1386 4398 bello

61 4429 173 4493 sedulo
202 4440 325 4508 tempus
350 4437 468 4511 terere,
491 4446 554 4508 quo
582 4422 696 4485 diutius
720 4422 750 4482 in
772 4421 955 4503 magistratu
976 4422 1017 4484 sit
1039 4422 1189 4506 solusque
1211 4436 1241 4486 et
1264 4426 1387 4490 Romae

61 4536 91 4585 et
118 4525 151 4586 io
183 4520 328 4584 exercitu
359 4519 523 4600 imperium
555 4519 680 4579 habeat.
704 4549 745 4560 -
766 4543 803 4558 -
829 4549 868 4560 ·-
914 4515 967 4576 M.
995 4514 1171 4578 Minucium
1202 4516 1385 4602 magistrum

61 4617 220 4700 eqsaitum,
255 4635 296 4676 ne
319 4615 441 4676 hostem
469 4613 605 4685 videret,
640 4630 678 4671 ne
708 4606 783 4692 quid
812 4606 858 4669 rei
886 4606 1018 4670 bellicae
1050 4620 1195 4693 gereret,
1227 4633 1331 4696 prope
1352 4613 1385 4678 in

59 4709 238 4774 custodiam
266 4706 425 4771 habitum.
446 4740 487 4752 -
509 4741 550 4753 -
571 4740 612 4750 —
636 4704 723 4784 Quas
752 4703 795 4765 ob
823 4721 892 4775 res,
927 4699 954 4763 si
982 4701 1127 4784 antiquus
1152 4702 1272 4770 animus
1298 4704 1386 4790 plebi

64 4806 233 4871 Romanae
249 4812 346 4878 esset,
360 4802 519 4865 audaciter
531 4822 565 4864 se
576 4801 713 4863 laturum
724 4795 820 4861 luisse
829 4796 866 4858 de
878 4796 1065 4882 abrogando
1074 4797 1117 4878 Q.
1127 4797 1217 4864 Fabii
1228 4797 1383 4884 imperio:
