3202 5318
460 302 628 377 ,tunltx
648 305 1003 376 FORMULARUM.
1342 327 1405 391 117

72 435 220 518 recipere
247 437 366 513 voluit,
391 442 479 522 quod
500 440 623 515 Pilius,
650 445 847 509 necessarius
871 448 971 510 Attici
996 449 1116 528 nostri,
1151 456 1190 519 de
1214 462 1400 539 repetundis

66 547 136 590 eum
159 528 348 608 postulavit.
372 533 410 591 ad
434 533 526 594 Fam.
552 532 589 608 8,
614 534 652 607 8,
679 536 711 596 2.
843 586 847 593 .

150 618 257 699 Quini
280 642 378 685 6666
401 625 542 700 dentes
564 635 627 687 cet.
673 627 759 691 Vide
782 629 951 692 Homini
973 643 1147 698 mortuo.

118 712 238 814 ‘Quo
268 711 397 775 minus
430 714 460 809 iu
497 716 626 779 edictis:
671 719 760 781 Non
795 720 932 783 videri
966 723 1173 789 Sthenium
1206 727 1394 810 impediri

62 805 223 876 edicto,
257 812 335 887 quo
367 806 495 869 minus
526 806 561 869 ei
591 808 732 871 liceret
761 811 913 875 Romae
942 834 1041 882 esse.
1084 819 1188 882 Verr.
1211 822 1333 886 Accus.
1356 827 1398 904 2,-

62 897 224 971 11,100.

22 1020 31 1033 ·
70 1044 73 1049 .
145 987 361 1052 Rationem
396 991 506 1069 dare.
559 991 594 1053 Si
625 1013 688 1055 non
720 996 870 1058 redderet
903 996 1068 1078 pecuniam
1100 1021 1159 1065 nec
1190 1003 1392 1070 rationem

60 1081 175 1143 daret
197 1092 261 1143 cet.
303 1084 405 1145 Verr.
430 1084 549 1148 Aecus.
574 1085 612 1157 1,
637 1086 698 1158 36,
723 1086 777 1148 92.

147 1171 357 1236 Rationem
381 1175 527 1237 hahere
550 1175 683 1238 alicuius
706 1177 854 1241 comitiis.
885 1182 923 1241 ad
946 1181 1016 1242 An.
1040 1182 1078 1256 8,
1104 1182 1140 1258 3,
1164 1183 1198 1248 3.

147 1265 353 1330 Rationes
376 1265 577 1330 conferre.
624 1268 825 1332 Rationes
849 1270 1100 1348 conseratis,
1124 1274 1263 1356 inquam.
1297 1278 1391 1343 Assi-

62 1358 179 1429 dunt;
201 1359 396 1421 subducunt:
428 1361 473 1420 ad
496 1379 683 1422 nummum
707 1361 910 1425 convenit.
940 1365 980 1425 ad
1005 1364 1077 1428 Att.
1101 1366 1140 1439 5,
1166 1358 1303 1442 21,12.

148 1449 350 1514 Rationes
368 1450 561 1515 referre.
607 1452 651 1514 Ut
680 1465 832 1534 quaestor
861 1453 928 1517 siue
959 1468 1110 1536 praetore
1135 1469 1242 1537 potest
1266 1460 1392 1525 ratio·

63 1561 145 1603 neni
175 1540 359 1617 referre,
397 1545 509 1608 eodem
535 1546 634 1607 modo
662 1545 729 1606 sine
752 1558 922 1627 quaestore
944 1559 1088 1627 praetor.
1134 1551 1235 1615 Verr.
1264 1553 1388 1615 Aecus.

63 1635 103 1710 1,
128 1632 186 1708 39,
217 1634 271 1697 99.

146 1725 343 1789 Rationes
373 1727 549 1810 relatae.
591 1763 632 1774 —-
672 1728 826 1809 Accepi
863 1731 936 1795 HS.
967 1728 1093 1792 vicies
1122 1732 1292 1793 ducenta
1320 1733 1390 1795 tri·

62 1817 175 1901 ginta
205 1818 380 1900 quinque
411 1820 521 1882 milia
551 1821 879 1905 quadringentos
908 1822 1029 1886 XVIl'.
1053 1842 1244 1887 nummos.
1288 1824 1390 1890 Dedi

60 1909 281 1991 stipendio,
298 1913 526 1987 frumento,
544 1913 712 1996 legatis,
736 1934 811 1995 pro
827 1926 1067 1998 quaestore,
1085 1915 1254 1979 cohorti
1276 1936 1390 1997 prae·

59 2000 211 2076 toriae,
229 2004 303 2068 118.
322 2003 428 2066 mille
451 2016 645 2066 sexcenta
669 2005 841 2087 triginta
865 2004 1049 2090 quinque,
1069 2006 1178 2069 milia
1200 2007 1390 2092 quadrin-

60 2105 206 2177 gentos
228 2096 345 2160 XVll.
367 2118 563 2159 nismmos:
590 2097 759 2180 Reliqui
776 2098 947 2160 Arimini
970 2100 1389 2163 metamaucensium

59 2218 102 2232 -
134 2187 177 2248 P.
207 2187 391 2250 Lentulo
424 2191 469 2250 L.
505 2188 674 2250 Triario
696 2190 1017 2270 quaestoribus.
1074 2193 1150 2253 Res
1184 2184 1389 2255 rationum

58 2278 292 2342 relatarum.
337 2280 439 2342 Verr.
470 2282 547 2342 Act.
573 2283 611 2355 1,
638 2282 694 2356 11,
720 2280 888 2342 366137.
924 2312 965 2324 -
999 2281 1201 2344 Rationes
1231 2282 1390 2344 6616166

61 2371 104 2433 Ρ.
127 2371 311 2434 Servilii.
357 2372 442 2434 lhid.
469 2373 606 2448 21,5·7.
1087 2401 1089 2404 ⁴

147 2464 361 2528 Recensio.
405 2466 447 2527 P.
467 2464 601 2528 Clodius
617 2465 724 2526 aedem
745 2464 964 2544 Nympharum
980 2461 1190 2537 incendit,ut
1205 2461 1389 2527 memoriam
1452 2494 1457 2502 ·

60 2554 220 2636 publicam
254 2555 509 2619 recensionis
536 2556 651 2618 tabulis
678 2555 816 2636 publicis
848 2556 1032 2636 impressam
1062 2553 1292 2637 exstingueret.
1326 2575 1389 2636 pro

61 2648 140 2711 Mil.
164 2649 222 2724 27,
247 2649 301 2709 73.

146 2740 288 2804 1166116
311 2739 547 2803 testimonia
571 2739 790 2802 civitatum.
834 2739 935 2801 Verr.
960 2741 998 2812 5,
1023 2739 1081 2815 21,
1107 2740 1160 2802 61.

145 2833 270 2896 Recte
299 2844 339 2895 ct
362 2833 521 2895 ordine.
568 2833 613 2894 ld
635 2852 719 2894 eum
743 2842 854 2894 recte
878 2842 916 2892 et
937 2831 1081 2894 ordine
1104 2849 1230 2913 exque
1252 2847 1296 2892 re
1324 2848 1392 2912 pu·

57 2924 169 2988 blica
190 2925 355 2989 iecisse.
399 2924 545 3006 Philipp.
569 2927 606 2998 5,
633 2925 691 2998 13,
716 2925 770 2986 36.
815 2922 962 3004 Philipp.
988 2925 1045 2998 10,
1070 2923 1130 2995 11,
1154 2921 1208 2984 26.

144 3020 492 3100 Recuperatores.
516 3016 629 3079 Divin.
647 3013 707 3091 17,
726 3017 778 3077 56.
802 3048 844 3060 —-
866 3016 951 3078 Vide
967 3015 1170 3079 Decurias
1191 3012 1389 3077 scribere.

143 3110 513 3192 Recuperatorium
536 3108 736 3171 iudicium.
783 3107 868 3169 Vide
889 3105 1205 3170 Praeiudicium.
1421 3101 1425 3108 ’

140 3203 405 3283 Redemptio.
451 3202 535 3264 Vide
558 3200 776 3264 Condicio.

144 3297 351 3378 Redigere
373 3298 457 3358 hona
480 3293 693 3356 condemnati.
740 3294 841 3355 Verr.
866 3293 988 3353 Aecus.
1012 3292 1049 3366 2,
1075 3291 1134 3365 19,
1159 3291 1212 3353 17.

144 3389 296 3452 Redire
318 3387 357 3449 in
381 3387 542 3449 tabulas
565 3384 764 3466 publicas.
796 3404 857 3465 pro
879 3386 912 3450 S.
935 3383 1060 3446 Roscio
1084 3384 1161 3445 Am.
1186 3382 1245 3455 11,
1271 3382 1346 3445 128.
1462 3420 1465 3425 >

144 3482 289 3543 Redite
313 3481 428 3542 viam.
452 3499 514 3560 pro
537 3478 676 3540 Murena
701 3478 758 3550 12,
783 3477 836 3539 26.
974 3472 979 3484 “

145 3573 313 3636 Reditus
337 3572 445 3634 estin
473 3570 619 3632 curiam
644 3569 824 3632 hominihus
847 3567 1075 3652 ignominia
1097 3565 1254 3630 notatis
1276 3588 1295 3628 a
1316 3586 1391 3628 666·

57 3663 201 3729 sorihus.
238 3685 301 3747 pro
325 3663 477 3728 Cluentio
502 3663 559 3735 12,
585 3663 659 3725 119.
1084 3710 1087 3714 .

145 3756 346 3831 Rediyiva
376 3756 456 3819 sihi
486 3757 656 3819 habeto:
695 3753 836 3816 formula
858 3751 938 3833 legis
961 3749 1054 3832 operi
1077 3748 1240 3812 faciundo.
1283 3749 1387 3810 Verr.
1445 3770 1453 3787 ‘

57 3853 181 3914 Aecus.
206 3852 244 3923 1,
269 3850 327 3923 56,
354 3850 427 3911 118.

142 3942 271 4005 Refer
295 3942 345 4003 ¹ad
375 3951 575 4014 senatum,
607 3938 797 4000 6666166661
819 3933 997 4001 consulem.
1031 3931 1061 3994 in
1086 3931 1184 3996 Catil.
1208 3935 1244 4008 1,
1268 3932 1306 4006 8,
1332 3932 1387 3994 20.

144 4034 324 4099 11616666
345 4036 389 4094 ad
407 4031 647 4094 senatumde
665 4049 707 4090 re
726 4025 900 4109 publica.
934 4025 992 4089 De
1010 4044 1053 4086 re
1071 4023 1234 4103 publica
1259 4023 1390 4104 quoad

53 4126 304 4201 rettulistis,
329 4126 407 4187 satis
431 4122 673 4185 decrevisse
696 4119 770 4188 mihi
790 4119 938 4201 videor„
961 4116 1105 4197 Philipp.
1129 4114 1167 4188 5,
1191 4113 1249 4190 12,
1272 4113 1326 4174 31.
1350 4146 1391 4163 -

55 4221 160 4286 Causa
189 4205 376 4284 consulibus
402 4216 477 4279 lial.
508 4218 638 4277 lanuar.
673 4215 715 4274 de
744 4231 784 4281 re
814 4208 983 4290 publica
1012 4207 1149 4287 primum
1178 4205 1389 4268 referendi

50 4311 112 4375 fuit
134 4322 193 4378 cet.
236 4311 380 4392 Philipp.
405 4312 441 4383 6,
468 4311 505 4382 1,
532 4311 564 4391 1.
599 4341 640 4351 -
674 4307 717 4366 L.
742 4302 875 4365 Ninnius
908 4302 953 4362 ad
978 4308 1160 4362 senatum
1190 4297 1234 4357 de
1260 4315 1302 4357 66
1324 4316 1391 4377 pu·

53 4403 160 4466 blica
183 4404 354 4465 rettulit
384 4413 631 4481 senatusque
653 4397 847 4478 frequens
872 4401 1025 4454 vestem
1049 4409 1122 4471 pro
1149 4405 1231 4480 6666
1257 4385 1387 4449 661616

54 4497 275 4558 mutandam
300 4493 473 4557 censuit.
505 4512 567 4573 pro
592 4489 699 4552 Sestio
724 4489 781 4561 11,
807 4485 859 4545 26.

143 4587 317 4652 11616666
336 4586 461 4648 iudices
491 4585 523 4646 in
556 4580 744 4645 reiectione.
790 4573 872 4639 Cum
899 4573 1043 4656 quinque
1066 4582 1097 4634 et
1126 4571 1240 4635 Lxx.
1270 4567 1388 4632 iudices

55 4702 131 4747 reus
152 4678 367 4753 reiiceret,
392 4682 436 4741 L.
460 4677 643 4740 referret
665 4668 858 4752 (retineret).
881 4686 944 4749 pro
965 4663 1100 4730 Plancio
1125 4664 1183 4738 17,
1207 4661 1262 4725 11.

128 4778 256 4826 unomen.
294 4776 346 4822 cie.
368 4776 412 4827 tu.
556 4812 558 4818 .
1216 4752 1249 4823 17
