3202 5318
138 331 178 396 16
502 338 505 343 ’
722 328 873 397 INDEX

136 474 304 550 ficiuntur,
321 492 404 558 qum
422 481 540 535 vocant
558 469 603 536 illi
625 471 815 557 νοσήματα,
844 490 963 555 eaque,
982 494 1064 558 quae
1086 487 1158 540 saint
1179 476 1224 541 eis
1247 481 1369 546 morbis
1386 505 1465 548 con·

137 570 252 647 traria,
279 589 361 654 quae
386 568 503 629 habeut
518 568 557 629 ad
578 589 629 631 res
652 580 755 630 certas
771 563 919 628 vitiosam
935 567 1148 634 offensionem
1165 583 1258 657 atque
1278 574 1463 644 fastidiosus

136 665 249 730 ‹lcindc
278 660 555 748 aegrotationes,
594 683 675 746 quae
704 659 906 743 appellantur
928 681 946 724 a
967 662 1085 728 Stoicis
1106 667 1374 753 ἀρρωστῆματα,
1401 672 1467 736 his-

135 780 199 846 que
220 758 294 822 item
319 756 488 839 oppositae
507 758 688 822 contrariae
711 753 948 820 offensiones.’'
991 758 1092 823 Tusc.
1117 761 1183 826 IV.
1216 766 1274 840 10,
1299 766 1353 830 23.

219 858 432 942 Ἀρχέτυπον.
477 852 606 928 „Mihi‚
634 851 693 915 etsi
710 853 879 919 Kalendae
904 847 1048 916 vitandae
1064 854 1214 933 luerunt,
1244 860 1466 927 Nicasionum-

136 970 199 1036 que
224 951 392 1035 ἀρχέτυπα
417 947 570 1033 fugienda
592 947 873 1035 conficiendaeque
892 947 1041 1027 tabulae,
1078 950 1156 1014 nihil
1178 955 1401 1032 lamentanti,
1429 961 1465 1022 nt

135 1065 153 1108 a
179 1054 212 1107 le
236 1044 396 1118 abessem,
424 1039 528 1105 luit.”
577 1045 617 1105 ad
639 1044 709 1107 Art.
734 1044 820 1108 XII.
845 1047 882 1122 5,
914 1047 946 1109 ll.
970 1077 1012 1088 -
1063 1046 1174 1129 „Iden
1197 1048 1371 1134 σύνταγμα
1394 1051 1464 1116 misi

135 1141 176 1203 ad
198 1150 228 1201 te
246 1134 467 1211 retractatius‚
492 1146 524 1199 et
549 1136 674 1221 quidem
700 1138 884 1224 ἀρχέτυπον
904 1139 1008 1223 ipsum
1031 1141 1154 1205 crebris
1173 1141 1254 1205 locis
1272 1142 1463 1209 inculcatum

135 1248 167 1299 et
187 1231 390 1298 relectum.’'
434 1233 472 1294 ad
493 1231 565 1295 Att.
583 1231 686 1296 XVI.
706 1232 742 1308 3,
767 1237 798 1296 1.
819 1269 862 1281 -
904 1234 967 1303 Eat
987 1235 1121 1319 propris
1140 1240 1321 1320 exemplar
1337 1240 1463 1323 primi·

134 1329 290 1416 genium.
339 1328 433 1390 Hunc
447 1345 575 1390 sensum
593 1327 690 1389 habet
711 1327 756 1389 L.
778 1328 880 1392 XVI.
896 1347 951 1413 cp.
969 1326 1003 1393 3.
1020 1350 1091 1392 nam
1110 1328 1154 1392 ibi
1180 1329 1275 1408 dicit,
1301 1354 1336 1397 se
1354 1334 1463 1398 remit-

134 1435 204 1488 tere
233 1423 404 1504 σύνταγμα
428 1429 652 1497 retractatum,
681 1442 745 1486 non
774 1422 980 1512 ἀπόγραφον
1008 1425 1049 1487 ab
1078 1424 1227 1508 exemplo
1250 1425 1378 1508 primo,
1407 1430 1465 1492 scd

133 1521 238 1604 ipsum
264 1521 466 1601 ἀρχέτυπον,
491 1514 613 1580 crebris
635 1516 714 1581 locis
737 1516 926 1580 inculcatum
949 1529 981 1580 ct
999 1517 1167 1581 reiectum.
1219 1520 1281 1583 Sed
1304 1522 1350 1585 L.
1377 1523 1462 1587 XII.

134 1616 169 1681 5.
198 1616 367 1697 ἀρχέτυπα
394 1609 643 1686 Nicasionem,
677 1609 764 1687 sive,
798 1622 834 1674 ut
861 1611 891 1677 1.
920 1613 961 1675 F.
990 1611 1161 1677 Gronovio
1183 1625 1272 1677 recte
1296 1617 1461 1698 placebat,

127 1706 408 1781 ‘maenomenon
435 1705 664 1771 scrncrabntae
683 1726 823 1781 eornm,
851 1705 1044 1791 quiescens
1063 1707 1237 1789 mancipes
1253 1708 1461 1799 suntfocti,

134 1804 204 1868 sive
227 1802 445 1867 redemerunt
468 1799 661 1876 vicesimas,
694 1799 811 1863 similes
830 1800 898 1876 hia,
924 1822 1002 1884 quas
1026 1800 1129 1884 quivis
1149 1814 1240 1884 pater
1260 1802 1397 1870 familias
1417 1807 1464 1870 ‹li-

135 1897 239 1984 ligem
264 1895 466 1960 conficiebat.
491 1896 575 1959 Euu.
620 1896 745 1976 Nempe
771 1893 949 1958 Lambinus
961 1906 1005 1958 ‘et
1030 1895 1156 1978 Popma
1178 1897 1387 1963 Nicasiones
1410 1922 1463 1964 ar·

136 1991 300 2081 gontarios
321 2003 354 2057 ct
381 1990 581 2057 formatores
606 2010 676 2053 esse
698 1998 866 2070 putarunt,
893 1991 981 2074 qcrod
1003 2009 1080 2054 sane
1104 2001 1152 2053 est
1168 1990 1239 2054 veri
1257 1991 1373 2057 simile.
1418 1997 1462 2060 Et

135 2090 260 2170 Popma
291 2084 415 2170 quaidern
445 2084 568 2151 monuit
595 2082 741 2150 Nicosio
773 2103 842 2145 csse
872 2102 989 2149 nomen
1024 2082 1208 2165 proprium,
1247 2092 1336 2169 quod
1370 2091 1462 2155 erim

39 2263 48 2271 .
135 2185 219 2265 apud
243 2179 432 2245 Ciceronem
455 2180 557 2245 Van.
577 2180 642 2243 lv.
660 2187 823 2243 occurrat.
868 2174 969 2241 Bosio
992 2177 1138 2260 placebat
1152 2179 1459 2263 Neoeicasionurn,

135 2287 170 2340 ut
192 2276 232 2339 sit
255 2275 362 2337 lictum
383 2295 497 2338 nomen
522 2296 562 2339 ex
585 2287 653 2351 νέος
677 2285 708 2337 et
726 2272 878 2352 εἰκάζειν,
910 2272 1000 2357 qcrasi
1022 2272 1169 2336 dicantur
1186 2274 1261 2338 novi
1285 2277 1462 2357 priscarum

135 2372 312 2435 tabularum
341 2367 531 2434 selectores.
586 2368 648 2434 Cui
672 2367 798 2455 quidem
821 2368 937 2431 rationi
963 2368 1091 2431 multum
1122 2368 1343 2451 praeferenda
1358 2387 1407 2436 est
1431 2374 1461 2438 I.

135 2466 176 2531 F.
197 2463 360 2530 Gronovii
386 2463 561 2539 sententia,
595 2462 651 2546 qui
678 2464 717 2526 ad
738 2465 773 2527 h.
799 2463 823 2527 l.
863 2466 992 2546 μαι,
1028 2463 1154 2546 iuuerit,
1189 2467 1461 2537 Νεοεικοστόνων

134 2563 313 2644 ἀρχέτυπα.
338 2560 400 2621 hoc
415 2579 529 2622 sensus
559 2557 630 2621 Eui
657 2557 717 2621 luit
737 2557 840 2633 ratio,
865 2581 921 2621 cur
938 2558 1088 2621 Kalendis
1104 2559 1226 2623 Romae
1250 2581 1315 2624 non
1337 2580 1461 2641 essem,

134 2656 280 2718 nimirum
301 2674 341 2717 ne
367 2652 451 2715 inter
474 2652 595 2735 primns
618 2672 718 2714 essem
742 2653 772 2715 in
797 2653 914 2716 tabulis
938 2673 1096 2716 novorum
1120 2652 1383 2734 publicanorum,
1408 2657 1464 2743 qui

137 2747 317 2812 vicesimam
340 2748 487 2830 exigunt.
530 2745 737 2828 Εἰκοστῶνης
752 2759 799 2810 cst
816 2759 942 2829 emptor
965 2746 1016 2809 vel
1037 2768 1184 2827 manceps
1201 2746 1389 2826 vicesimae,
1410 2752 1463 2838 qui

136 2842 315 2906 vicesimam
351 2839 521 2914 conduxit,
547 2841 775 2904 vicesimanus.
795 2840 875 2904 viu.
901 2841 992 2922 Lips.
1016 2862 1145 2904 excrrrs.
1166 2843 1205 2903 ad
1228 2843 1332 2910 XIII.
1357 2848 1460 2912 annal.

136 2936 259 3011 Taciti,
280 2934 333 2997 ubi
353 2956 394 2997 ex
418 2933 561 2999 Arriano
585 2934 728 3018 glossas,
751 2956 816 2999 non
837 2956 878 2998 cx
900 2935 947 2997 his
972 2935 1025 2998 ille
1049 2933 1272 3019 corrigendus.
1296 2941 1462 3009 Εἱκοστό.

136 3059 189 3113 γης
212 3033 232 3098 ὁ
253 3030 311 3107 τὰς
335 3029 484 3105 εἰκοστὰς
500 3030 667 3103 ἀπαιτῶ-ν,
691 3027 939 3092 uicesimarius.
953 3028 971 3052 '⁹
1003 3030 1165 3091 Hactenus
1180 3029 1247 3093 ille.
1282 3034 1361 3119 Ego
1383 3059 1462 3103 veno

135 3148 206 3191 cum
221 3123 408 3206 Mougaltio
428 3123 459 3186 in
477 3123 623 3187 versione
645 3125 755 3186 harum
780 3121 985 3205 epistolarum
1006 3122 1129 3187 Gallica
1152 3123 1301 3188 Lambini
1317 3138 1353 3193 ct
1371 3131 1462 3215 Pop.

136 3243 205 3287 mac
228 3218 412 3282 senteutiam
437 3238 557 3301 sequor
582 3228 747 3304 totumque
775 3217 880 3283 lcum
913 3220 960 3281 sic
988 3217 1204 3299 interpretor:
1239 3221 1314 3287 mihi
1340 3226 1384 3289 ob
1411 3247 1462 3290 aes

136 3314 270 3379 alienum
296 3315 433 3375 noandum
457 3312 642 3394 expeditum
663 3312 828 3376 Kalendae
856 3312 1004 3376 vitandae
1025 3311 1155 3375 suerunt
1173 3311 1301 3391 (tristes
1317 3318 1390 3382 scil.
1412 3322 1464 3384 de·

135 3409 314 3489 bitoribus)
343 3416 377 3470 et
399 3406 603 3475 Nicasionem
622 3410 793 3495 ἀρχέτυπα
817 3407 966 3492 fugienda
995 3407 1036 3486 (i.
1062 3428 1092 3469 e.
1118 3407 1260 3484 tabulae,
1293 3408 1463 3498 inquibus

45 3565 47 3569 ⁴
133 3502 334 3568 feneratores
356 3501 536 3567 debitorum
558 3499 685 3567 nomina
704 3501 956 3585 consignabant)
979 3500 1259 3585 conficiendaeque
1278 3505 1408 3571 tabulae
1431 3508 1464 3573 h.

135 3618 166 3662 e.
194 3595 326 3681 pecunia
351 3596 408 3660 alia
431 3606 542 3661 mutuo
562 3596 731 3671 sumenda,
755 3607 789 3659 ut
808 3617 940 3661 versura
964 3596 1092 3660 solvere
1111 3595 1242 3678 possim.
1271 3598 1307 3662 S.

216 3691 347 3780 Ἀρχῆ,
377 3690 527 3759 initium.
581 3692 777 3777 ,Δυσουρία
810 3702 863 3753 tua
892 3690 969 3754 mihi
992 3690 1082 3753 valde
1107 3689 1251 3754 molesta.
1306 3693 1461 3772 Meiere,

135 3789 269 3862 amabo,
292 3788 365 3848 darm
388 3797 437 3850 est
463 3784 593 3873 dcxci.’'
637 3788 675 3848 ad
693 3789 766 3853 Act.
788 3788 835 3850 X.
857 3788 915 3862 10,
938 3789 969 3852 3.

216 3883 480 3968 Ἀσαφέστερος,
503 3882 701 3958 obscurior,
732 3879 967 3945 inscribendo.
1012 3878 1098 3962 „Fui
1118 3879 1258 3945 fortasse
1276 3884 1465 3965 ἀσαφέστε-

135 3978 227 4065 ρος.”
273 3978 312 4039 ad
330 3978 404 4039 Act.
424 3975 525 4042 XIII.
554 3977 619 4052 25,-
635 3976 665 4042 2.

218 4070 394 4154 Ἀσιλγῆς,
413 4070 581 4147 lasciuus,
604 4069 783 4134 delicatus.
827 4069 1006 4152 „Quantam
1027 4091 1130 4152 porro
1153 4068 1227 4132 mibi
1247 4071 1466 4154 exspectatio·

136 4187 207 4230 nem
230 4165 342 4229 dedisti
361 4163 504 4229 convivii
523 4163 616 4227 istius
635 4165 806 4248 ἀσελγοῦς.
815 4163 833 4193 ”
878 4167 917 4228 ad
937 4168 1007 4230 Au.
1027 4164 1077 4228 ll.
1099 4164 1160 4238 12,
1189 4164 1222 4227 2.

217 4262 486 4345 Ἀσμενέστατα,
520 4258 757 4322 libentissime.
811 4261 886 4333 „Te
918 4270 1020 4323 autem
1055 4261 1284 4345 ἀσμενέστατα
1316 4259 1461 4340 intexui,

135 4351 312 4438 faciamque
331 4355 361 4418 id
384 4351 572 4418 crebrius.'’
615 4355 656 4416 aci
677 4353 749 4416 Art.
772 4354 875 4420 XIII.
896 4355 955 4431 22,
980 4354 1011 4415 1.

219 4451 454 4532 ’Asprenatem
486 4446 725 4534 gratissimus.
782 4444 948 4522 ,Conlitlo
982 4446 1082 4532 igitur
1112 4449 1283 4513 adventum
1318 4459 1465 4515 nostru·

136 4540 202 4617 illi,
236 4562 369 4627 quoquo
400 4557 546 4626 tempocc
576 4541 692 4621 luerit,
718 4553 754 4605 ut
780 4543 912 4621 scribis,
942 4545 1141 4627 ἀσμένισιον
1165 4542 1252 4609 lore.
1258 4540 1277 4573 ’⁹
1328 4548 1368 4609 ad
1391 4545 1465 4611 au.

136 4636 203 4701 IX.
228 4637 305 4714 2Α,
329 4637 402 4703 iet
418 4640 481 4708 IX
504 4640 563 4715 1⁰,
592 4638 625 4703 9.

217 4730 425 4811 Acantion,
457 4734 551 4819 quod
582 4731 729 4796 indutiis
758 4730 878 4796 dirimi
912 4731 1051 4817 nequit,
1096 4730 1322 4816 implacabile.
1379 4731 1508 4841 „Sia

133 4822 357 4910 (Pompeius)
373 4824 495 4893 ltaliam
517 4827 683 4921 relinquit,
717 4828 757 4892 ad
779 4839 944 4911 posterum
964 4826 1081 4893 bellun
1101 4826 1272 4896 ἄσπονδον
1293 4827 1374 4894 strui
1394 4825 1465 4893 exi·
