<?xml version="1.0" encoding="UTF-8"?>
<!DOCTYPE html PUBLIC "-//W3C//DTD XHTML 1.0 Transitional//EN"
    "http://www.w3.org/TR/xhtml1/DTD/xhtml1-transitional.dtd">
<html xmlns="http://www.w3.org/1999/xhtml" xml:lang="en" lang="en">
 <head>
  <title>
</title>
<meta http-equiv="Content-Type" content="text/html;charset=utf-8" />
  <meta name='ocr-system' content='tesseract 3.04.00' />
  <meta name='ocr-capabilities' content='ocr_page ocr_carea ocr_par ocr_line ocrx_word'/>
</head>
<body>
  <div class='ocr_page' id='page_1' title='image "./operaquaesupers05halmgoog/operaquaesupers05halmgoog_0028.png"; bbox 0 0 3202 5318; ppageno 0'>
   <div class='ocr_carea' id='block_1_1' title="bbox 591 336 1471 411">
    <p class='ocr_par' dir='ltr' id='par_1_1' title="bbox 591 336 1471 411">
     <span class='ocr_line' id='line_1_1' title="bbox 591 336 1471 411; baseline -0.009 0"><span class='ocrx_word' id='word_1_1' title='bbox 591 338 1025 411; x_wconf 73' lang='lat' dir='ltr'>eunuco-Lunum.</span> <span class='ocrx_word' id='word_1_2' title='bbox 1450 336 1471 403; x_wconf 86' lang='lat'><strong>7</strong></span> 
     </span>
    </p>
   </div>
   <div class='ocr_carea' id='block_1_2' title="bbox 131 447 1594 665">
    <p class='ocr_par' dir='ltr' id='par_1_2' title="bbox 131 447 1594 665">
     <span class='ocr_line' id='line_1_2' title="bbox 221 447 1594 571; baseline -0.006 -17"><span class='ocrx_word' id='word_1_3' title='bbox 221 488 317 554; x_wconf 78' lang='grc' dir='ltr'>Ἀλλ’</span> <span class='ocrx_word' id='word_1_4' title='bbox 340 493 519 571; x_wconf 59' lang='lat' dir='ltr'>utpotae,</span> <span class='ocrx_word' id='word_1_5' title='bbox 546 482 610 549; x_wconf 78' lang='lat' dir='ltr'>ted</span> <span class='ocrx_word' id='word_1_6' title='bbox 627 486 759 569; x_wconf 77' lang='lat' dir='ltr'><strong><em>ploret,</em></strong></span> <span class='ocrx_word' id='word_1_7' title='bbox 783 484 874 548; x_wconf 82' lang='lat' dir='ltr'>mole</span> <span class='ocrx_word' id='word_1_8' title='bbox 893 480 964 569; x_wconf 83' lang='lat' dir='ltr'>ipsi</span> <span class='ocrx_word' id='word_1_9' title='bbox 983 482 1043 549; x_wconf 83' lang='lat' dir='ltr'>eit.</span> <span class='ocrx_word' id='word_1_10' title='bbox 1064 447 1176 559; x_wconf 69' lang='grc' dir='ltr'>,Ἀλλ’</span> <span class='ocrx_word' id='word_1_11' title='bbox 1200 492 1381 570; x_wconf 71' lang='grc' dir='ltr'><strong><em>οὶμαζζιω·</em></strong></span> <span class='ocrx_word' id='word_1_12' title='bbox 1411 505 1471 550; x_wconf 84' lang='lat' dir='ltr'>nos</span> <span class='ocrx_word' id='word_1_13' title='bbox 1585 542 1594 565; x_wconf 73' lang='lat'>,</span> 
     </span>
     <span class='ocr_line' id='line_1_3' title="bbox 131 576 1471 665; baseline -0.003 -18"><span class='ocrx_word' id='word_1_14' title='bbox 131 584 234 647; x_wconf 74' lang='lat' dir='ltr'>nodo</span> <span class='ocrx_word' id='word_1_15' title='bbox 253 578 462 646; x_wconf 74' lang='lat' dir='ltr'>valeamus.”</span> <span class='ocrx_word' id='word_1_16' title='bbox 479 580 520 643; x_wconf 87' lang='lat' dir='ltr'>ad</span> <span class='ocrx_word' id='word_1_17' title='bbox 535 579 578 659; x_wconf 87' lang='lat' dir='ltr'>Q.</span> <span class='ocrx_word' id='word_1_18' title='bbox 595 576 638 647; x_wconf 84' lang='lat' dir='ltr'>ir.</span> <span class='ocrx_word' id='word_1_19' title='bbox 660 577 727 644; x_wconf 93' lang='lat' dir='ltr'><strong>III.</strong></span> <span class='ocrx_word' id='word_1_20' title='bbox 740 578 780 653; x_wconf 81' lang='lat'>9,</span> <span class='ocrx_word' id='word_1_21' title='bbox 804 578 839 642; x_wconf 88' lang='lat'>8.</span> <span class='ocrx_word' id='word_1_22' title='bbox 866 599 885 642; x_wconf 88' lang='lat' dir='ltr'>e</span> <span class='ocrx_word' id='word_1_23' title='bbox 918 576 1057 645; x_wconf 86' lang='lat' dir='ltr'>Comioo</span> <span class='ocrx_word' id='word_1_24' title='bbox 1075 578 1186 665; x_wconf 88' lang='lat' dir='ltr'>aliquo</span> <span class='ocrx_word' id='word_1_25' title='bbox 1205 580 1364 657; x_wconf 82' lang='lat' dir='ltr'>fortasse,</span> <span class='ocrx_word' id='word_1_26' title='bbox 1386 578 1471 661; x_wconf 87' lang='lat' dir='ltr'>apud</span> 
     </span>
    </p>
   </div>
   <div class='ocr_carea' id='block_1_3' title="bbox 130 671 1532 4919">
    <p class='ocr_par' dir='ltr' id='par_1_3' title="bbox 130 671 1471 857">
     <span class='ocr_line' id='line_1_4' title="bbox 130 671 1471 762; baseline -0.001 -19"><span class='ocrx_word' id='word_1_27' title='bbox 130 696 219 762; x_wconf 79' lang='lat' dir='ltr'>quoe</span> <span class='ocrx_word' id='word_1_28' title='bbox 242 674 431 761; x_wconf 83' lang='lat' dir='ltr'>saepissime</span> <span class='ocrx_word' id='word_1_29' title='bbox 454 673 608 759; x_wconf 60' lang='grc' dir='ltr'>οἰμώζειν</span> <span class='ocrx_word' id='word_1_30' title='bbox 620 671 748 749; x_wconf 86' lang='lat' dir='ltr'>iubent,</span> <span class='ocrx_word' id='word_1_31' title='bbox 773 671 889 758; x_wconf 72' lang='lat' dir='ltr'>utribus</span> <span class='ocrx_word' id='word_1_32' title='bbox 911 674 993 738; x_wconf 80' lang='lat' dir='ltr'>mule</span> <span class='ocrx_word' id='word_1_33' title='bbox 1015 684 1200 758; x_wconf 73' lang='lat' dir='ltr'>precantur.</span> <span class='ocrx_word' id='word_1_34' title='bbox 1223 674 1333 738; x_wconf 73' lang='lat' dir='ltr'>Ilione</span> <span class='ocrx_word' id='word_1_35' title='bbox 1362 672 1471 741; x_wconf 77' lang='grc' dir='ltr'><strong><em>πολλὰ</em></strong></span> 
     </span>
     <span class='ocr_line' id='line_1_5' title="bbox 131 768 535 857; baseline -0.017 -16"><span class='ocrx_word' id='word_1_36' title='bbox 131 771 288 857; x_wconf 71' lang='grc' dir='ltr'>οἰμόζειν</span> <span class='ocrx_word' id='word_1_37' title='bbox 308 777 422 854; x_wconf 74' lang='grc' dir='ltr'>λέγειν.</span> <span class='ocrx_word' id='word_1_38' title='bbox 448 768 535 835; x_wconf 74' lang='lat' dir='ltr'>nnn.</span> 
     </span>
    </p>

    <p class='ocr_par' dir='ltr' id='par_1_4' title="bbox 130 861 1471 1136">
     <span class='ocr_line' id='line_1_6' title="bbox 191 861 1471 948; baseline -0.005 -14"><span class='ocrx_word' id='word_1_39' title='bbox 191 866 333 942; x_wconf 65' lang='lat' dir='ltr'>&#39;Alton</span> <span class='ocrx_word' id='word_1_40' title='bbox 358 875 397 932; x_wconf 72' lang='grc' dir='ltr'>ἐν</span> <span class='ocrx_word' id='word_1_41' title='bbox 430 868 562 939; x_wconf 66' lang='lat' dir='ltr'>erent.</span> <span class='ocrx_word' id='word_1_42' title='bbox 594 862 681 929; x_wconf 76' lang='grc' dir='ltr'><strong><em>τόνδ’</em></strong></span> <span class='ocrx_word' id='word_1_43' title='bbox 723 864 940 931; x_wconf 65' lang='grc' dir='ltr'>ἀπωθοῦνται</span> <span class='ocrx_word' id='word_1_44' title='bbox 963 863 1093 948; x_wconf 77' lang='grc' dir='ltr'><strong>ψόγον,</strong></span> <span class='ocrx_word' id='word_1_45' title='bbox 1137 861 1342 927; x_wconf 73' lang='lat' dir='ltr'>allisionis</span> <span class='ocrx_word' id='word_1_46' title='bbox 1366 862 1471 928; x_wconf 74' lang='lat' dir='ltr'>rebus</span> 
     </span>
     <span class='ocr_line' id='line_1_7' title="bbox 130 955 1470 1047; baseline -0.005 -22"><span class='ocrx_word' id='word_1_47' title='bbox 130 960 284 1047; x_wconf 69' lang='lat' dir='ltr'>agendis</span> <span class='ocrx_word' id='word_1_48' title='bbox 303 962 395 1023; x_wconf 79' lang='lat' dir='ltr'>hono</span> <span class='ocrx_word' id='word_1_49' title='bbox 412 959 585 1022; x_wconf 77' lang='lat' dir='ltr'><strong><em>maculam</em></strong></span> <span class='ocrx_word' id='word_1_50' title='bbox 610 959 742 1022; x_wconf 84' lang='lat' dir='ltr'>eluunt.</span> <span class='ocrx_word' id='word_1_51' title='bbox 770 959 810 1020; x_wconf 83' lang='lat' dir='ltr'>ad</span> <span class='ocrx_word' id='word_1_52' title='bbox 830 958 902 1025; x_wconf 77' lang='lat' dir='ltr'>Au.</span> <span class='ocrx_word' id='word_1_53' title='bbox 917 958 1020 1022; x_wconf 85' lang='lat' dir='ltr'><strong>XIV.</strong></span> <span class='ocrx_word' id='word_1_54' title='bbox 1048 956 1111 1033; x_wconf 81' lang='lat' dir='ltr'>tt,</span> <span class='ocrx_word' id='word_1_55' title='bbox 1146 956 1178 1020; x_wconf 76' lang='grc'>1.</span> <span class='ocrx_word' id='word_1_56' title='bbox 1223 955 1372 1022; x_wconf 75' lang='lat' dir='ltr'>senarius</span> <span class='ocrx_word' id='word_1_57' title='bbox 1385 959 1470 1041; x_wconf 68' lang='lat' dir='ltr'>poe·-</span> 
     </span>
     <span class='ocr_line' id='line_1_8' title="bbox 132 1049 1369 1136; baseline -0.004 -15"><span class='ocrx_word' id='word_1_58' title='bbox 132 1068 188 1121; x_wconf 85' lang='lat' dir='ltr'>tae</span> <span class='ocrx_word' id='word_1_59' title='bbox 213 1054 325 1119; x_wconf 83' lang='lat' dir='ltr'>neseio</span> <span class='ocrx_word' id='word_1_60' title='bbox 351 1052 569 1118; x_wconf 72' lang='lat' dir='ltr'>cuinullum</span> <span class='ocrx_word' id='word_1_61' title='bbox 613 1050 831 1135; x_wconf 76' lang='lat' dir='ltr'>Sophocleum</span> <span class='ocrx_word' id='word_1_62' title='bbox 851 1062 945 1136; x_wconf 91' lang='lat' dir='ltr'>putat</span> <span class='ocrx_word' id='word_1_63' title='bbox 966 1051 1081 1117; x_wconf 83' lang='lat' dir='ltr'>Valek.</span> <span class='ocrx_word' id='word_1_64' title='bbox 1103 1049 1212 1115; x_wconf 82' lang='lat' dir='ltr'>Diatr.</span> <span class='ocrx_word' id='word_1_65' title='bbox 1234 1073 1270 1134; x_wconf 88' lang='lat' dir='ltr'>p.</span> <span class='ocrx_word' id='word_1_66' title='bbox 1295 1052 1369 1117; x_wconf 79' lang='lat' dir='ltr'>tut.</span> 
     </span>
    </p>

    <p class='ocr_par' dir='ltr' id='par_1_5' title="bbox 133 1144 1471 1416">
     <span class='ocr_line' id='line_1_9' title="bbox 218 1144 1471 1238; baseline -0.005 -21"><span class='ocrx_word' id='word_1_67' title='bbox 218 1152 323 1218; x_wconf 80' lang='grc' dir='ltr'><strong><em>Ἀλλο</em></strong></span> <span class='ocrx_word' id='word_1_68' title='bbox 345 1149 543 1238; x_wconf 75' lang='grc' dir='ltr'><strong><em>πρόβλημα,</em></strong></span> <span class='ocrx_word' id='word_1_69' title='bbox 568 1146 668 1211; x_wconf 80' lang='lat' dir='ltr'>eliud</span> <span class='ocrx_word' id='word_1_70' title='bbox 683 1146 881 1230; x_wconf 79' lang='lat' dir='ltr'><strong><em>problema,</em></strong></span> <span class='ocrx_word' id='word_1_71' title='bbox 910 1144 984 1212; x_wconf 84' lang='lat' dir='ltr'>olio</span> <span class='ocrx_word' id='word_1_72' title='bbox 1003 1145 1174 1232; x_wconf 78' lang='lat' dir='ltr'>quaestio.</span> <span class='ocrx_word' id='word_1_73' title='bbox 1224 1144 1314 1229; x_wconf 78' lang='lat' dir='ltr'>,Qui</span> <span class='ocrx_word' id='word_1_74' title='bbox 1342 1149 1471 1227; x_wconf 85' lang='lat' dir='ltr'>(deres-</span> 
     </span>
     <span class='ocr_line' id='line_1_10' title="bbox 133 1238 1468 1330; baseline -0.001 -21"><span class='ocrx_word' id='word_1_75' title='bbox 133 1245 239 1310; x_wconf 86' lang='lat' dir='ltr'>sionis</span> <span class='ocrx_word' id='word_1_76' title='bbox 254 1244 338 1325; x_wconf 83' lang='lat' dir='ltr'>dies)</span> <span class='ocrx_word' id='word_1_77' title='bbox 353 1264 427 1309; x_wconf 83' lang='lat' dir='ltr'>eum</span> <span class='ocrx_word' id='word_1_78' title='bbox 439 1241 617 1319; x_wconf 75' lang='lat' dir='ltr'>advenerit,</span> <span class='ocrx_word' id='word_1_79' title='bbox 639 1240 723 1308; x_wconf 80' lang='grc' dir='ltr'><strong><em>ἄλλο</em></strong></span> <span class='ocrx_word' id='word_1_80' title='bbox 739 1242 933 1330; x_wconf 78' lang='grc' dir='ltr'><strong><em>πρόβλημα,</em></strong></span> <span class='ocrx_word' id='word_1_81' title='bbox 953 1263 1047 1328; x_wconf 88' lang='lat' dir='ltr'>quem</span> <span class='ocrx_word' id='word_1_82' title='bbox 1065 1238 1261 1326; x_wconf 70' lang='lat' dir='ltr'>praefiniam.</span> <span class='ocrx_word' id='word_1_83' title='bbox 1273 1239 1293 1269; x_wconf 79' lang='lat'>&#39;⁹</span> <span class='ocrx_word' id='word_1_84' title='bbox 1336 1243 1377 1305; x_wconf 79' lang='lat' dir='ltr'>ad</span> <span class='ocrx_word' id='word_1_85' title='bbox 1394 1242 1468 1309; x_wconf 84' lang='lat' dir='ltr'>Au.</span> 
     </span>
     <span class='ocr_line' id='line_1_11' title="bbox 135 1340 326 1416; baseline -0.005 -11"><span class='ocrx_word' id='word_1_86' title='bbox 135 1341 206 1405; x_wconf 88' lang='lat' dir='ltr'>vl.</span> <span class='ocrx_word' id='word_1_87' title='bbox 230 1343 272 1416; x_wconf 82' lang='grc'>5,</span> <span class='ocrx_word' id='word_1_88' title='bbox 293 1340 326 1405; x_wconf 97' lang='grc'><strong>3.</strong></span> 
     </span>
    </p>

    <p class='ocr_par' dir='ltr' id='par_1_6' title="bbox 221 1432 985 1519">
     <span class='ocr_line' id='line_1_12' title="bbox 221 1432 985 1519; baseline -0.005 -17"><span class='ocrx_word' id='word_1_89' title='bbox 221 1436 314 1502; x_wconf 75' lang='grc' dir='ltr'>Ἀλλ’</span> <span class='ocrx_word' id='word_1_90' title='bbox 340 1436 381 1501; x_wconf 81' lang='lat' dir='ltr'>ori</span> <span class='ocrx_word' id='word_1_91' title='bbox 406 1434 519 1510; x_wconf 79' lang='grc' dir='ltr'><strong><em>δαιτὸς</em></strong></span> <span class='ocrx_word' id='word_1_92' title='bbox 537 1433 704 1519; x_wconf 74' lang='grc' dir='ltr'>ἐπηράτου</span> <span class='ocrx_word' id='word_1_93' title='bbox 723 1432 808 1517; x_wconf 76' lang='grc' dir='ltr'>ἔργα</span> <span class='ocrx_word' id='word_1_94' title='bbox 827 1438 985 1518; x_wconf 65' lang='lat' dir='ltr'>premier,</span> 
     </span>
    </p>

    <p class='ocr_par' dir='ltr' id='par_1_7' title="bbox 214 1526 1118 1615">
     <span class='ocr_line' id='line_1_13' title="bbox 214 1526 1118 1615; baseline -0.006 -18"><span class='ocrx_word' id='word_1_95' title='bbox 214 1528 324 1597; x_wconf 76' lang='grc' dir='ltr'>Ἀλλὰ</span> <span class='ocrx_word' id='word_1_96' title='bbox 349 1536 421 1609; x_wconf 72' lang='grc' dir='ltr'>λίην</span> <span class='ocrx_word' id='word_1_97' title='bbox 443 1540 537 1615; x_wconf 71' lang='grc' dir='ltr'>μέγαΙ</span> <span class='ocrx_word' id='word_1_98' title='bbox 555 1532 666 1614; x_wconf 79' lang='grc' dir='ltr'><strong><em>πῆμα,</em></strong></span> <span class='ocrx_word' id='word_1_99' title='bbox 690 1533 878 1615; x_wconf 74' lang='grc' dir='ltr'>διοτρεφές,</span> <span class='ocrx_word' id='word_1_100' title='bbox 908 1526 1118 1611; x_wconf 79' lang='grc' dir='ltr'><strong><em>εἰσορόωντες</em></strong></span> 
     </span>
    </p>

    <p class='ocr_par' dir='ltr' id='par_1_8' title="bbox 221 1614 1249 1709">
     <span class='ocr_line' id='line_1_14' title="bbox 221 1614 1249 1709; baseline -0.006 -17"><span class='ocrx_word' id='word_1_101' title='bbox 221 1628 394 1709; x_wconf 74' lang='grc' dir='ltr'><strong><em>Δείδιμεν·</em></strong></span> <span class='ocrx_word' id='word_1_102' title='bbox 415 1633 452 1689; x_wconf 72' lang='grc' dir='ltr'>ἐν</span> <span class='ocrx_word' id='word_1_103' title='bbox 471 1614 554 1709; x_wconf 57' lang='lat' dir='ltr'>dni}r</span> <span class='ocrx_word' id='word_1_104' title='bbox 568 1629 605 1688; x_wconf 79' lang='lat' dir='ltr'>dt</span> <span class='ocrx_word' id='word_1_105' title='bbox 622 1622 829 1707; x_wconf 60' lang='lat' dir='ltr'>ouuotpeu&#39;l</span> <span class='ocrx_word' id='word_1_106' title='bbox 846 1625 1043 1689; x_wconf 66' lang='grc' dir='ltr'>ἀπολέσθαι.</span> <span class='ocrx_word' id='word_1_107' title='bbox 1243 1626 1249 1635; x_wconf 86' lang='grc'><em>“</em></span> 
     </span>
    </p>

    <p class='ocr_par' dir='ltr' id='par_1_9' title="bbox 130 1714 1532 2087">
     <span class='ocr_line' id='line_1_15' title="bbox 130 1714 1463 1800; baseline -0.002 -13"><span class='ocrx_word' id='word_1_108' title='bbox 130 1720 203 1787; x_wconf 82' lang='lat' dir='ltr'>Sed</span> <span class='ocrx_word' id='word_1_109' title='bbox 236 1718 336 1783; x_wconf 80' lang='lat' dir='ltr'>nobie</span> <span class='ocrx_word' id='word_1_110' title='bbox 368 1739 474 1781; x_wconf 73' lang='lat' dir='ltr'>ceurae</span> <span class='ocrx_word' id='word_1_111' title='bbox 505 1738 577 1782; x_wconf 85' lang='lat' dir='ltr'>non</span> <span class='ocrx_word' id='word_1_112' title='bbox 610 1728 665 1782; x_wconf 82' lang='lat' dir='ltr'>eet</span> <span class='ocrx_word' id='word_1_113' title='bbox 696 1714 852 1783; x_wconf 71' lang='lat' dir='ltr'>conuiuio</span> <span class='ocrx_word' id='word_1_114' title='bbox 885 1716 986 1780; x_wconf 81' lang='lat' dir='ltr'>anoni</span> <span class='ocrx_word' id='word_1_115' title='bbox 1013 1736 1158 1800; x_wconf 82' lang='lat' dir='ltr'>operam</span> <span class='ocrx_word' id='word_1_116' title='bbox 1193 1715 1300 1793; x_wconf 84' lang='lat' dir='ltr'>dore,</span> <span class='ocrx_word' id='word_1_117' title='bbox 1343 1739 1463 1785; x_wconf 82' lang='lat' dir='ltr'>uerum</span> 
     </span>
     <span class='ocr_line' id='line_1_16' title="bbox 134 1809 1470 1899; baseline 0 -23"><span class='ocrx_word' id='word_1_118' title='bbox 134 1834 306 1899; x_wconf 78' lang='lat' dir='ltr'>magnum</span> <span class='ocrx_word' id='word_1_119' title='bbox 341 1812 490 1888; x_wconf 76' lang='lat' dir='ltr'>etatem,</span> <span class='ocrx_word' id='word_1_120' title='bbox 526 1812 620 1888; x_wconf 81' lang='lat' dir='ltr'>diue,</span> <span class='ocrx_word' id='word_1_121' title='bbox 649 1811 822 1875; x_wconf 84' lang='lat' dir='ltr'>intuentes</span> <span class='ocrx_word' id='word_1_122' title='bbox 846 1809 1124 1888; x_wconf 69' lang='lat' dir='ltr'><strong><em>extimescimus,</em></strong></span> <span class='ocrx_word' id='word_1_123' title='bbox 1152 1810 1388 1899; x_wconf 80' lang='lat' dir='ltr'>incertumque</span> <span class='ocrx_word' id='word_1_124' title='bbox 1415 1828 1470 1881; x_wconf 79' lang='lat' dir='ltr'>est</span> 
     </span>
     <span class='ocr_line' id='line_1_17' title="bbox 132 1902 1532 1991; baseline 0.001 -17"><span class='ocrx_word' id='word_1_125' title='bbox 132 1908 268 1974; x_wconf 80' lang='lat' dir='ltr'>ralur&#39;ne</span> <span class='ocrx_word' id='word_1_126' title='bbox 281 1907 410 1991; x_wconf 81' lang='lat' dir='ltr'>futuri</span> <span class='ocrx_word' id='word_1_127' title='bbox 427 1927 474 1969; x_wconf 86' lang='lat' dir='ltr'>nn</span> <span class='ocrx_word' id='word_1_128' title='bbox 490 1906 670 1971; x_wconf 82' lang='lat' dir='ltr'>interituri</span> <span class='ocrx_word' id='word_1_129' title='bbox 690 1902 813 1970; x_wconf 80' lang='lat' dir='ltr'>simus.</span> <span class='ocrx_word' id='word_1_130' title='bbox 857 1908 898 1968; x_wconf 91' lang='lat' dir='ltr'>ad</span> <span class='ocrx_word' id='word_1_131' title='bbox 920 1905 1190 1983; x_wconf 80' lang='lat' dir='ltr'>Au.x1v.13‚</span> <span class='ocrx_word' id='word_1_132' title='bbox 1218 1908 1251 1970; x_wconf 93' lang='grc'>1.</span> <span class='ocrx_word' id='word_1_133' title='bbox 1272 1928 1313 1971; x_wconf 80' lang='lat' dir='ltr'>ex</span> <span class='ocrx_word' id='word_1_134' title='bbox 1331 1910 1468 1976; x_wconf 84' lang='lat' dir='ltr'>Homeri</span> <span class='ocrx_word' id='word_1_135' title='bbox 1524 1946 1532 1963; x_wconf 84' lang='lat'><strong>·</strong></span> 
     </span>
     <span class='ocr_line' id='line_1_18' title="bbox 134 2002 425 2087; baseline -0.01 -17"><span class='ocrx_word' id='word_1_136' title='bbox 134 2005 177 2072; x_wconf 80' lang='lat' dir='ltr'>Il.</span> <span class='ocrx_word' id='word_1_137' title='bbox 203 2032 238 2080; x_wconf 81' lang='grc' dir='ltr'>ι,</span> <span class='ocrx_word' id='word_1_138' title='bbox 262 2002 327 2066; x_wconf 70' lang='lat'>228</span> <span class='ocrx_word' id='word_1_139' title='bbox 348 2022 425 2087; x_wconf 75' lang='lat' dir='ltr'>sqq.</span> 
     </span>
    </p>

    <p class='ocr_par' dir='ltr' id='par_1_10' title="bbox 134 2094 1469 2270">
     <span class='ocr_line' id='line_1_19' title="bbox 217 2094 1469 2183; baseline 0 -18"><span class='ocrx_word' id='word_1_140' title='bbox 217 2101 390 2181; x_wconf 80' lang='grc' dir='ltr'>Ἀλογετν,</span> <span class='ocrx_word' id='word_1_141' title='bbox 421 2094 610 2181; x_wconf 81' lang='lat' dir='ltr'>negligere.</span> <span class='ocrx_word' id='word_1_142' title='bbox 652 2096 727 2172; x_wconf 78' lang='lat' dir='ltr'>,lle</span> <span class='ocrx_word' id='word_1_143' title='bbox 747 2096 822 2161; x_wconf 85' lang='lat' dir='ltr'>talis</span> <span class='ocrx_word' id='word_1_144' title='bbox 845 2094 896 2160; x_wconf 81' lang='lat' dir='ltr'>vit·</span> <span class='ocrx_word' id='word_1_145' title='bbox 917 2098 1069 2183; x_wconf 59' lang='grc' dir='ltr'><strong><em>ἀλογηθῇ</em></strong></span> <span class='ocrx_word' id='word_1_146' title='bbox 1092 2095 1383 2183; x_wconf 82' lang='lat' dir='ltr'>(negligetur).&#39;’</span> <span class='ocrx_word' id='word_1_147' title='bbox 1426 2102 1469 2165; x_wconf 82' lang='lat' dir='ltr'>ad</span> 
     </span>
     <span class='ocr_line' id='line_1_20' title="bbox 134 2191 581 2270; baseline -0.018 -11"><span class='ocrx_word' id='word_1_148' title='bbox 134 2195 207 2260; x_wconf 76' lang='lat' dir='ltr'>Au.</span> <span class='ocrx_word' id='word_1_149' title='bbox 225 2193 314 2257; x_wconf 91' lang='lat' dir='ltr'><strong>XII.</strong></span> <span class='ocrx_word' id='word_1_150' title='bbox 334 2192 374 2267; x_wconf 93' lang='grc'>3,</span> <span class='ocrx_word' id='word_1_151' title='bbox 399 2191 432 2254; x_wconf 74' lang='lat'>2.</span> <span class='ocrx_word' id='word_1_152' title='bbox 574 2266 581 2270; x_wconf 35' lang='grc'>-</span> 
     </span>
    </p>

    <p class='ocr_par' dir='ltr' id='par_1_11' title="bbox 135 2284 1468 2561">
     <span class='ocr_line' id='line_1_21' title="bbox 216 2284 1468 2371; baseline -0.001 -18"><span class='ocrx_word' id='word_1_153' title='bbox 216 2288 438 2371; x_wconf 75' lang='grc' dir='ltr'>Ἀλογίστως,</span> <span class='ocrx_word' id='word_1_154' title='bbox 470 2285 743 2363; x_wconf 81' lang='lat' dir='ltr'>inconsiderate,</span> <span class='ocrx_word' id='word_1_155' title='bbox 774 2289 890 2350; x_wconf 80' lang='lat' dir='ltr'>stulte.</span> <span class='ocrx_word' id='word_1_156' title='bbox 946 2287 1073 2369; x_wconf 81' lang='lat' dir='ltr'>„Quod</span> <span class='ocrx_word' id='word_1_157' title='bbox 1095 2285 1123 2349; x_wconf 86' lang='lat' dir='ltr'>si</span> <span class='ocrx_word' id='word_1_158' title='bbox 1147 2284 1208 2349; x_wconf 92' lang='lat' dir='ltr'>iste</span> <span class='ocrx_word' id='word_1_159' title='bbox 1224 2285 1349 2350; x_wconf 75' lang='lat' dir='ltr'>Italiam</span> <span class='ocrx_word' id='word_1_160' title='bbox 1370 2286 1468 2353; x_wconf 87' lang='lat' dir='ltr'>relin-</span> 
     </span>
     <span class='ocr_line' id='line_1_22' title="bbox 136 2378 1468 2466; baseline 0.002 -21"><span class='ocrx_word' id='word_1_161' title='bbox 136 2394 231 2466; x_wconf 81' lang='lat' dir='ltr'>quet,</span> <span class='ocrx_word' id='word_1_162' title='bbox 260 2379 360 2445; x_wconf 83' lang='lat' dir='ltr'>lariet</span> <span class='ocrx_word' id='word_1_163' title='bbox 383 2379 515 2447; x_wconf 89' lang='lat' dir='ltr'>omnino</span> <span class='ocrx_word' id='word_1_164' title='bbox 541 2381 638 2458; x_wconf 80' lang='lat' dir='ltr'>male,</span> <span class='ocrx_word' id='word_1_165' title='bbox 669 2392 719 2455; x_wconf 88' lang='lat' dir='ltr'>et,</span> <span class='ocrx_word' id='word_1_166' title='bbox 747 2392 784 2447; x_wconf 93' lang='lat' dir='ltr'>ut</span> <span class='ocrx_word' id='word_1_167' title='bbox 807 2402 871 2466; x_wconf 86' lang='lat' dir='ltr'>ego</span> <span class='ocrx_word' id='word_1_168' title='bbox 892 2379 1057 2454; x_wconf 84' lang='lat' dir='ltr'>existimo,</span> <span class='ocrx_word' id='word_1_169' title='bbox 1081 2378 1304 2462; x_wconf 59' lang='lat' dir='ltr'>ttoyunmss&#39;</span> <span class='ocrx_word' id='word_1_170' title='bbox 1334 2383 1374 2444; x_wconf 87' lang='lat' dir='ltr'>ad</span> <span class='ocrx_word' id='word_1_171' title='bbox 1395 2385 1468 2447; x_wconf 82' lang='lat' dir='ltr'>Au.</span> 
     </span>
     <span class='ocr_line' id='line_1_23' title="bbox 135 2472 1128 2561; baseline -0.005 -19"><span class='ocrx_word' id='word_1_172' title='bbox 135 2478 201 2543; x_wconf 92' lang='lat' dir='ltr'>IX.</span> <span class='ocrx_word' id='word_1_173' title='bbox 224 2477 284 2551; x_wconf 88' lang='grc'>10,</span> <span class='ocrx_word' id='word_1_174' title='bbox 304 2478 339 2538; x_wconf 70' lang='lat' dir='ltr'>d.</span> <span class='ocrx_word' id='word_1_175' title='bbox 366 2510 410 2521; x_wconf 98' lang='lat'><em>-</em></span> <span class='ocrx_word' id='word_1_176' title='bbox 451 2472 598 2557; x_wconf 74' lang='lat' dir='ltr'>„Urbem</span> <span class='ocrx_word' id='word_1_177' title='bbox 621 2480 802 2561; x_wconf 79' lang='grc' dir='ltr'><strong><em>ἀλογίστως</em></strong></span> <span class='ocrx_word' id='word_1_178' title='bbox 827 2472 998 2558; x_wconf 75' lang='lat' dir='ltr'>reliquit.&#39;’</span> <span class='ocrx_word' id='word_1_179' title='bbox 1042 2473 1128 2537; x_wconf 89' lang='lat' dir='ltr'>Ibid.</span> 
     </span>
    </p>

    <p class='ocr_par' dir='ltr' id='par_1_12' title="bbox 138 2566 1470 2833">
     <span class='ocr_line' id='line_1_24' title="bbox 217 2566 1469 2655; baseline 0.001 -19"><span class='ocrx_word' id='word_1_180' title='bbox 217 2569 390 2655; x_wconf 73' lang='grc' dir='ltr'>Ἀλόγας,</span> <span class='ocrx_word' id='word_1_181' title='bbox 415 2569 491 2633; x_wconf 81' lang='lat' dir='ltr'>siue</span> <span class='ocrx_word' id='word_1_182' title='bbox 511 2570 667 2646; x_wconf 81' lang='lat' dir='ltr'>ratione,</span> <span class='ocrx_word' id='word_1_183' title='bbox 691 2580 831 2634; x_wconf 83' lang='lat' dir='ltr'>temere.</span> <span class='ocrx_word' id='word_1_184' title='bbox 863 2570 902 2631; x_wconf 87' lang='lat' dir='ltr'>ad</span> <span class='ocrx_word' id='word_1_185' title='bbox 924 2569 997 2631; x_wconf 86' lang='lat' dir='ltr'>Att.</span> <span class='ocrx_word' id='word_1_186' title='bbox 1022 2567 1105 2632; x_wconf 93' lang='lat' dir='ltr'><strong>XII.</strong></span> <span class='ocrx_word' id='word_1_187' title='bbox 1131 2566 1189 2641; x_wconf 87' lang='grc'>35,</span> <span class='ocrx_word' id='word_1_188' title='bbox 1215 2567 1248 2631; x_wconf 77' lang='lat'>2.</span> <span class='ocrx_word' id='word_1_189' title='bbox 1271 2599 1313 2612; x_wconf 90' lang='lat'><em>-</em></span> <span class='ocrx_word' id='word_1_190' title='bbox 1339 2568 1469 2643; x_wconf 81' lang='lat' dir='ltr'>,Vere-</span> 
     </span>
     <span class='ocr_line' id='line_1_25' title="bbox 138 2661 1470 2746; baseline 0.001 -17"><span class='ocrx_word' id='word_1_191' title='bbox 138 2677 191 2729; x_wconf 85' lang='lat' dir='ltr'>tnr</span> <span class='ocrx_word' id='word_1_192' title='bbox 211 2676 337 2740; x_wconf 81' lang='lat' dir='ltr'>autem,</span> <span class='ocrx_word' id='word_1_193' title='bbox 363 2684 405 2728; x_wconf 84' lang='lat' dir='ltr'>ne</span> <span class='ocrx_word' id='word_1_194' title='bbox 426 2685 489 2728; x_wconf 88' lang='lat' dir='ltr'>non</span> <span class='ocrx_word' id='word_1_195' title='bbox 511 2663 606 2728; x_wconf 78' lang='lat' dir='ltr'>lineat</span> <span class='ocrx_word' id='word_1_196' title='bbox 622 2676 733 2729; x_wconf 78' lang='lat' dir='ltr'>tenere</span> <span class='ocrx_word' id='word_1_197' title='bbox 757 2662 983 2740; x_wconf 75' lang='lat' dir='ltr'>hereditatem,</span> <span class='ocrx_word' id='word_1_198' title='bbox 1011 2661 1141 2746; x_wconf 76' lang='grc' dir='ltr'><strong><em>ἀλόγως</em></strong></span> <span class='ocrx_word' id='word_1_199' title='bbox 1163 2661 1313 2739; x_wconf 88' lang='lat' dir='ltr'>omuino,</span> <span class='ocrx_word' id='word_1_200' title='bbox 1336 2667 1394 2728; x_wconf 88' lang='lat' dir='ltr'>sed</span> <span class='ocrx_word' id='word_1_201' title='bbox 1413 2686 1470 2730; x_wconf 87' lang='lat' dir='ltr'>ve·</span> 
     </span>
     <span class='ocr_line' id='line_1_26' title="bbox 139 2758 839 2833; baseline -0.007 -8"><span class='ocrx_word' id='word_1_202' title='bbox 139 2772 228 2825; x_wconf 71' lang='lat' dir='ltr'>tetur</span> <span class='ocrx_word' id='word_1_203' title='bbox 248 2761 397 2823; x_wconf 83' lang='lat' dir='ltr'>tamen.&#39;&#39;</span> <span class='ocrx_word' id='word_1_204' title='bbox 440 2760 480 2822; x_wconf 83' lang='lat' dir='ltr'>nd</span> <span class='ocrx_word' id='word_1_205' title='bbox 502 2762 572 2823; x_wconf 85' lang='lat' dir='ltr'>Att.</span> <span class='ocrx_word' id='word_1_206' title='bbox 596 2759 698 2823; x_wconf 84' lang='lat' dir='ltr'><strong>XIII.</strong></span> <span class='ocrx_word' id='word_1_207' title='bbox 720 2758 778 2833; x_wconf 79' lang='grc'><strong>18,</strong></span> <span class='ocrx_word' id='word_1_208' title='bbox 808 2761 839 2821; x_wconf 93' lang='grc'>1.</span> 
     </span>
    </p>

    <p class='ocr_par' dir='ltr' id='par_1_13' title="bbox 219 2853 1008 2939">
     <span class='ocr_line' id='line_1_27' title="bbox 219 2853 1008 2939; baseline -0.008 -18"><span class='ocrx_word' id='word_1_209' title='bbox 219 2859 427 2939; x_wconf 66' lang='grc' dir='ltr'><strong><em>Ἀμαλθελα,</em></strong></span> <span class='ocrx_word' id='word_1_210' title='bbox 453 2855 650 2917; x_wconf 75' lang='lat' dir='ltr'>Amaltheo.</span> <span class='ocrx_word' id='word_1_211' title='bbox 695 2853 775 2917; x_wconf 81' lang='lat' dir='ltr'>vit.</span> <span class='ocrx_word' id='word_1_212' title='bbox 791 2855 1008 2937; x_wconf 67' lang='grc' dir='ltr'>Ἀμαλθεῐον.</span> 
     </span>
    </p>

    <p class='ocr_par' dir='ltr' id='par_1_14' title="bbox 131 2945 1472 4341">
     <span class='ocr_line' id='line_1_28' title="bbox 217 2945 1472 3034; baseline -0.001 -19"><span class='ocrx_word' id='word_1_213' title='bbox 217 2954 442 3034; x_wconf 74' lang='grc' dir='ltr'>’.1μαλ5εῖον,</span> <span class='ocrx_word' id='word_1_214' title='bbox 470 2949 704 3012; x_wconf 74' lang='lat' dir='ltr'>Amaltheam.</span> <span class='ocrx_word' id='word_1_215' title='bbox 758 2947 888 3028; x_wconf 84' lang='lat' dir='ltr'>„Velim</span> <span class='ocrx_word' id='word_1_216' title='bbox 915 2948 954 3008; x_wconf 89' lang='lat' dir='ltr'>ad</span> <span class='ocrx_word' id='word_1_217' title='bbox 985 2967 1035 3009; x_wconf 91' lang='lat' dir='ltr'>me</span> <span class='ocrx_word' id='word_1_218' title='bbox 1058 2945 1201 3023; x_wconf 85' lang='lat' dir='ltr'>scribas,</span> <span class='ocrx_word' id='word_1_219' title='bbox 1232 2947 1409 3012; x_wconf 89' lang='lat' dir='ltr'>cuiusmodi</span> <span class='ocrx_word' id='word_1_220' title='bbox 1430 2950 1472 3015; x_wconf 91' lang='lat' dir='ltr'>sit</span> 
     </span>
     <span class='ocr_line' id='line_1_29' title="bbox 137 3046 1472 3131; baseline 0.001 -23"><span class='ocrx_word' id='word_1_221' title='bbox 137 3046 339 3126; x_wconf 61' lang='lat' dir='ltr'>’riualtrtou</span> <span class='ocrx_word' id='word_1_222' title='bbox 358 3054 463 3118; x_wconf 91' lang='lat' dir='ltr'>tuum,</span> <span class='ocrx_word' id='word_1_223' title='bbox 490 3062 556 3127; x_wconf 87' lang='lat' dir='ltr'>quo</span> <span class='ocrx_word' id='word_1_224' title='bbox 579 3055 715 3116; x_wconf 90' lang='lat' dir='ltr'>ornatu,</span> <span class='ocrx_word' id='word_1_225' title='bbox 738 3064 799 3125; x_wconf 81' lang='lat' dir='ltr'>qua</span> <span class='ocrx_word' id='word_1_226' title='bbox 823 3049 1025 3124; x_wconf 66' lang='grc' dir='ltr'><strong><em>τοποθεσίας</em></strong></span> <span class='ocrx_word' id='word_1_227' title='bbox 1053 3051 1085 3103; x_wconf 91' lang='lat' dir='ltr'>et</span> <span class='ocrx_word' id='word_1_228' title='bbox 1103 3063 1184 3126; x_wconf 88' lang='lat' dir='ltr'>quae</span> <span class='ocrx_word' id='word_1_229' title='bbox 1207 3047 1356 3124; x_wconf 80' lang='lat' dir='ltr'>pn‘e‘meta</span> <span class='ocrx_word' id='word_1_230' title='bbox 1377 3066 1472 3131; x_wconf 75' lang='lat' dir='ltr'>quias-</span> 
     </span>
     <span class='ocr_line' id='line_1_30' title="bbox 138 3135 1468 3220; baseline 0.002 -19"><span class='ocrx_word' id='word_1_231' title='bbox 138 3160 199 3218; x_wconf 78' lang='lat' dir='ltr'>que</span> <span class='ocrx_word' id='word_1_232' title='bbox 227 3138 383 3202; x_wconf 77' lang='lat' dir='ltr'>historias</span> <span class='ocrx_word' id='word_1_233' title='bbox 413 3140 452 3200; x_wconf 89' lang='lat' dir='ltr'>de</span> <span class='ocrx_word' id='word_1_234' title='bbox 477 3139 666 3220; x_wconf 62' lang='grc' dir='ltr'>Ἀμαλθείᾳ</span> <span class='ocrx_word' id='word_1_235' title='bbox 696 3138 806 3213; x_wconf 88' lang='lat' dir='ltr'>habes,</span> <span class='ocrx_word' id='word_1_236' title='bbox 845 3139 883 3199; x_wconf 84' lang='lat' dir='ltr'>ad</span> <span class='ocrx_word' id='word_1_237' title='bbox 913 3158 963 3199; x_wconf 90' lang='lat' dir='ltr'>me</span> <span class='ocrx_word' id='word_1_238' title='bbox 988 3135 1136 3199; x_wconf 84' lang='lat' dir='ltr'>mittas.”</span> <span class='ocrx_word' id='word_1_239' title='bbox 1192 3140 1232 3200; x_wconf 79' lang='lat' dir='ltr'>ad</span> <span class='ocrx_word' id='word_1_240' title='bbox 1253 3140 1326 3202; x_wconf 91' lang='lat' dir='ltr'>Att.</span> <span class='ocrx_word' id='word_1_241' title='bbox 1349 3140 1380 3204; x_wconf 95' lang='lat' dir='ltr'>I.</span> <span class='ocrx_word' id='word_1_242' title='bbox 1408 3142 1468 3218; x_wconf 84' lang='grc'><strong>15,</strong></span> 
     </span>
     <span class='ocr_line' id='line_1_31' title="bbox 139 3230 1470 3316; baseline 0.005 -21"><span class='ocrx_word' id='word_1_243' title='bbox 139 3234 190 3297; x_wconf 83' lang='grc'>18.</span> <span class='ocrx_word' id='word_1_244' title='bbox 207 3266 249 3279; x_wconf 92' lang='grc'>-</span> <span class='ocrx_word' id='word_1_245' title='bbox 286 3231 363 3315; x_wconf 85' lang='lat' dir='ltr'>„De</span> <span class='ocrx_word' id='word_1_246' title='bbox 382 3234 570 3315; x_wconf 62' lang='grc' dir='ltr'>Ἀμαλθείᾳ</span> <span class='ocrx_word' id='word_1_247' title='bbox 597 3233 684 3314; x_wconf 87' lang='lat' dir='ltr'>quod</span> <span class='ocrx_word' id='word_1_248' title='bbox 704 3252 754 3293; x_wconf 88' lang='lat' dir='ltr'>me</span> <span class='ocrx_word' id='word_1_249' title='bbox 770 3232 941 3307; x_wconf 84' lang='lat' dir='ltr'>admones,</span> <span class='ocrx_word' id='word_1_250' title='bbox 968 3253 1032 3295; x_wconf 88' lang='lat' dir='ltr'>uon</span> <span class='ocrx_word' id='word_1_251' title='bbox 1056 3230 1268 3316; x_wconf 82' lang='lat' dir='ltr'>negligemus.</span> <span class='ocrx_word' id='word_1_252' title='bbox 1278 3231 1298 3257; x_wconf 86' lang='grc'>”</span> <span class='ocrx_word' id='word_1_253' title='bbox 1342 3236 1381 3299; x_wconf 84' lang='lat' dir='ltr'>ed</span> <span class='ocrx_word' id='word_1_254' title='bbox 1397 3234 1470 3301; x_wconf 78' lang='lat' dir='ltr'>Au.</span> 
     </span>
     <span class='ocr_line' id='line_1_32' title="bbox 136 3322 1471 3412; baseline 0.001 -20"><span class='ocrx_word' id='word_1_255' title='bbox 136 3328 184 3392; x_wconf 91' lang='lat' dir='ltr'>lI.</span> <span class='ocrx_word' id='word_1_256' title='bbox 206 3332 248 3401; x_wconf 88' lang='grc'>7,</span> <span class='ocrx_word' id='word_1_257' title='bbox 276 3329 372 3389; x_wconf 90' lang='grc'><strong>5.-</strong></span> <span class='ocrx_word' id='word_1_258' title='bbox 412 3329 617 3411; x_wconf 59' lang='lat' dir='ltr'>&#39;Apaturius</span> <span class='ocrx_word' id='word_1_259' title='bbox 636 3335 686 3389; x_wconf 90' lang='lat' dir='ltr'>est</span> <span class='ocrx_word' id='word_1_260' title='bbox 703 3325 865 3407; x_wconf 82' lang='lat' dir='ltr'>praedium</span> <span class='ocrx_word' id='word_1_261' title='bbox 890 3322 1009 3403; x_wconf 84' lang='lat' dir='ltr'>Attici,</span> <span class='ocrx_word' id='word_1_262' title='bbox 1038 3326 1088 3387; x_wconf 86' lang='lat' dir='ltr'>eui</span> <span class='ocrx_word' id='word_1_263' title='bbox 1115 3348 1228 3390; x_wconf 87' lang='lat' dir='ltr'>nomen</span> <span class='ocrx_word' id='word_1_264' title='bbox 1252 3326 1405 3412; x_wconf 88' lang='lat' dir='ltr'>imposuit</span> <span class='ocrx_word' id='word_1_265' title='bbox 1430 3330 1471 3393; x_wconf 85' lang='lat' dir='ltr'>ab</span> 
     </span>
     <span class='ocr_line' id='line_1_33' title="bbox 136 3417 1471 3506; baseline 0 -18"><span class='ocrx_word' id='word_1_266' title='bbox 136 3426 337 3506; x_wconf 66' lang='grc' dir='ltr'>Ἀμαλθείᾳ.</span> <span class='ocrx_word' id='word_1_267' title='bbox 388 3421 632 3486; x_wconf 81' lang='lat' dir='ltr'>Amaltheam</span> <span class='ocrx_word' id='word_1_268' title='bbox 664 3417 780 3482; x_wconf 77' lang='lat' dir='ltr'>fabulis</span> <span class='ocrx_word' id='word_1_269' title='bbox 810 3441 893 3502; x_wconf 77' lang='lat' dir='ltr'>quae</span> <span class='ocrx_word' id='word_1_270' title='bbox 921 3420 978 3494; x_wconf 91' lang='lat' dir='ltr'>sit,</span> <span class='ocrx_word' id='word_1_271' title='bbox 1003 3431 1111 3483; x_wconf 91' lang='lat' dir='ltr'>notum</span> <span class='ocrx_word' id='word_1_272' title='bbox 1138 3432 1206 3495; x_wconf 82' lang='lat' dir='ltr'>est,</span> <span class='ocrx_word' id='word_1_273' title='bbox 1238 3424 1294 3485; x_wconf 87' lang='lat' dir='ltr'>sed</span> <span class='ocrx_word' id='word_1_274' title='bbox 1318 3422 1342 3485; x_wconf 92' lang='lat' dir='ltr'>I.</span> <span class='ocrx_word' id='word_1_275' title='bbox 1367 3444 1398 3487; x_wconf 84' lang='lat' dir='ltr'>e.</span> <span class='ocrx_word' id='word_1_276' title='bbox 1422 3437 1471 3489; x_wconf 87' lang='lat' dir='ltr'>est</span> 
     </span>
     <span class='ocr_line' id='line_1_34' title="bbox 139 3513 1470 3601; baseline 0.002 -22"><span class='ocrx_word' id='word_1_277' title='bbox 139 3516 335 3601; x_wconf 78' lang='lat' dir='ltr'>gymnasium</span> <span class='ocrx_word' id='word_1_278' title='bbox 355 3528 409 3577; x_wconf 92' lang='lat' dir='ltr'>aut</span> <span class='ocrx_word' id='word_1_279' title='bbox 428 3516 528 3579; x_wconf 88' lang='lat' dir='ltr'>diaeta</span> <span class='ocrx_word' id='word_1_280' title='bbox 551 3513 675 3597; x_wconf 87' lang='lat' dir='ltr'>praedii</span> <span class='ocrx_word' id='word_1_281' title='bbox 692 3513 865 3597; x_wconf 84' lang='lat' dir='ltr'>Epirotici.</span> <span class='ocrx_word' id='word_1_282' title='bbox 911 3514 1018 3577; x_wconf 88' lang='lat' dir='ltr'><strong>L.II.</strong></span> <span class='ocrx_word' id='word_1_283' title='bbox 1049 3535 1101 3596; x_wconf 86' lang='lat' dir='ltr'>ep.</span> <span class='ocrx_word' id='word_1_284' title='bbox 1131 3518 1169 3590; x_wconf 95' lang='grc'><strong>1,</strong></span> <span class='ocrx_word' id='word_1_285' title='bbox 1200 3519 1251 3580; x_wconf 90' lang='grc'>11.</span> <span class='ocrx_word' id='word_1_286' title='bbox 1277 3515 1397 3582; x_wconf 82' lang='lat' dir='ltr'>Cicero</span> <span class='ocrx_word' id='word_1_287' title='bbox 1421 3518 1470 3581; x_wconf 90' lang='lat' dir='ltr'>di·</span> 
     </span>
     <span class='ocr_line' id='line_1_35' title="bbox 139 3608 1470 3695; baseline 0 -21"><span class='ocrx_word' id='word_1_288' title='bbox 139 3612 205 3674; x_wconf 82' lang='lat' dir='ltr'>eit:</span> <span class='ocrx_word' id='word_1_289' title='bbox 232 3610 444 3691; x_wconf 78' lang='lat' dir='ltr'>„Amaltheo</span> <span class='ocrx_word' id='word_1_290' title='bbox 461 3630 539 3679; x_wconf 80' lang='lat' dir='ltr'>meo</span> <span class='ocrx_word' id='word_1_291' title='bbox 554 3620 588 3672; x_wconf 82' lang='lat' dir='ltr'>te</span> <span class='ocrx_word' id='word_1_292' title='bbox 607 3618 785 3690; x_wconf 76' lang='lat' dir='ltr'>exspectat</span> <span class='ocrx_word' id='word_1_293' title='bbox 806 3619 840 3672; x_wconf 88' lang='lat' dir='ltr'>et</span> <span class='ocrx_word' id='word_1_294' title='bbox 862 3608 995 3692; x_wconf 79' lang='lat' dir='ltr'>indiget</span> <span class='ocrx_word' id='word_1_295' title='bbox 1021 3608 1115 3673; x_wconf 85' lang='lat' dir='ltr'>tui.&#39;’</span> <span class='ocrx_word' id='word_1_296' title='bbox 1159 3612 1240 3675; x_wconf 88' lang='lat' dir='ltr'>Eam</span> <span class='ocrx_word' id='word_1_297' title='bbox 1262 3610 1361 3674; x_wconf 83' lang='lat' dir='ltr'>fuisse</span> <span class='ocrx_word' id='word_1_298' title='bbox 1378 3634 1470 3695; x_wconf 85' lang='lat' dir='ltr'>gym-</span> 
     </span>
     <span class='ocr_line' id='line_1_36' title="bbox 139 3700 1466 3786; baseline -0.002 -15"><span class='ocrx_word' id='word_1_299' title='bbox 139 3706 258 3771; x_wconf 85' lang='lat' dir='ltr'>nasium</span> <span class='ocrx_word' id='word_1_300' title='bbox 287 3705 320 3769; x_wconf 91' lang='lat' dir='ltr'>in</span> <span class='ocrx_word' id='word_1_301' title='bbox 346 3703 519 3786; x_wconf 81' lang='lat' dir='ltr'>Arpinati,</span> <span class='ocrx_word' id='word_1_302' title='bbox 555 3713 591 3766; x_wconf 90' lang='lat' dir='ltr'>ut</span> <span class='ocrx_word' id='word_1_303' title='bbox 615 3701 782 3767; x_wconf 79' lang='lat' dir='ltr'>Corradus</span> <span class='ocrx_word' id='word_1_304' title='bbox 810 3703 871 3777; x_wconf 85' lang='lat' dir='ltr'>ait,</span> <span class='ocrx_word' id='word_1_305' title='bbox 910 3700 1109 3766; x_wconf 87' lang='lat' dir='ltr'>verosimile</span> <span class='ocrx_word' id='word_1_306' title='bbox 1132 3716 1203 3779; x_wconf 87' lang='lat' dir='ltr'>est,</span> <span class='ocrx_word' id='word_1_307' title='bbox 1232 3719 1285 3769; x_wconf 79' lang='lat' dir='ltr'>aust</span> <span class='ocrx_word' id='word_1_308' title='bbox 1310 3708 1466 3784; x_wconf 78' lang='lat' dir='ltr'>diaetam,</span> 
     </span>
     <span class='ocr_line' id='line_1_37' title="bbox 138 3794 1468 3884; baseline 0.003 -23"><span class='ocrx_word' id='word_1_309' title='bbox 138 3820 233 3884; x_wconf 79' lang='lat' dir='ltr'>quem</span> <span class='ocrx_word' id='word_1_310' title='bbox 253 3797 434 3862; x_wconf 80' lang='lat' dir='ltr'>imitaturus</span> <span class='ocrx_word' id='word_1_311' title='bbox 457 3797 601 3861; x_wconf 83' lang='lat' dir='ltr'>Atticum</span> <span class='ocrx_word' id='word_1_312' title='bbox 627 3794 747 3861; x_wconf 86' lang='lat' dir='ltr'>Cicero</span> <span class='ocrx_word' id='word_1_313' title='bbox 774 3807 987 3860; x_wconf 79' lang='lat' dir='ltr'>exstruxerat.</span> <span class='ocrx_word' id='word_1_314' title='bbox 1029 3797 1069 3861; x_wconf 90' lang='lat' dir='ltr'>In</span> <span class='ocrx_word' id='word_1_315' title='bbox 1088 3798 1147 3860; x_wconf 83' lang='lat' dir='ltr'>hac</span> <span class='ocrx_word' id='word_1_316' title='bbox 1167 3801 1334 3864; x_wconf 84' lang='lat' dir='ltr'>Amalthea</span> <span class='ocrx_word' id='word_1_317' title='bbox 1353 3800 1382 3864; x_wconf 94' lang='lat' dir='ltr'>I.</span> <span class='ocrx_word' id='word_1_318' title='bbox 1407 3802 1468 3865; x_wconf 86' lang='lat' dir='ltr'>Fr.</span> 
     </span>
     <span class='ocr_line' id='line_1_38' title="bbox 139 3890 1468 3974; baseline 0.002 -18"><span class='ocrx_word' id='word_1_319' title='bbox 139 3893 328 3959; x_wconf 81' lang='lat' dir='ltr'>Gronovius</span> <span class='ocrx_word' id='word_1_320' title='bbox 356 3893 491 3974; x_wconf 87' lang='lat' dir='ltr'>putabat</span> <span class='ocrx_word' id='word_1_321' title='bbox 515 3891 664 3974; x_wconf 88' lang='lat' dir='ltr'>posuisse</span> <span class='ocrx_word' id='word_1_322' title='bbox 697 3890 840 3956; x_wconf 84' lang='lat' dir='ltr'>Atticum</span> <span class='ocrx_word' id='word_1_323' title='bbox 871 3891 1022 3974; x_wconf 83' lang='lat' dir='ltr'>imagines</span> <span class='ocrx_word' id='word_1_324' title='bbox 1052 3891 1196 3956; x_wconf 86' lang='lat' dir='ltr'>virorum</span> <span class='ocrx_word' id='word_1_325' title='bbox 1225 3892 1416 3971; x_wconf 87' lang='lat' dir='ltr'>illustrium,</span> <span class='ocrx_word' id='word_1_326' title='bbox 1450 3918 1468 3959; x_wconf 82' lang='lat' dir='ltr'>a</span> 
     </span>
     <span class='ocr_line' id='line_1_39' title="bbox 137 3985 1467 4074; baseline 0.002 -24"><span class='ocrx_word' id='word_1_327' title='bbox 137 3989 272 4074; x_wconf 82' lang='lat' dir='ltr'>qsribus,</span> <span class='ocrx_word' id='word_1_328' title='bbox 303 3997 338 4049; x_wconf 91' lang='lat' dir='ltr'>ut</span> <span class='ocrx_word' id='word_1_329' title='bbox 356 3989 397 4050; x_wconf 82' lang='lat' dir='ltr'>ab</span> <span class='ocrx_word' id='word_1_330' title='bbox 423 3987 591 4050; x_wconf 85' lang='lat' dir='ltr'>Amalthea</span> <span class='ocrx_word' id='word_1_331' title='bbox 615 3985 757 4068; x_wconf 88' lang='lat' dir='ltr'>Iupiter,</span> <span class='ocrx_word' id='word_1_332' title='bbox 782 3987 824 4050; x_wconf 90' lang='lat' dir='ltr'>ita</span> <span class='ocrx_word' id='word_1_333' title='bbox 842 3985 1010 4067; x_wconf 88' lang='lat' dir='ltr'>imperium</span> <span class='ocrx_word' id='word_1_334' title='bbox 1029 3987 1208 4053; x_wconf 77' lang='lat' dir='ltr'>Romanum</span> <span class='ocrx_word' id='word_1_335' title='bbox 1228 4000 1386 4073; x_wconf 88' lang='lat' dir='ltr'>tamquam</span> <span class='ocrx_word' id='word_1_336' title='bbox 1409 4011 1467 4053; x_wconf 88' lang='lat' dir='ltr'>nu·</span> 
     </span>
     <span class='ocr_line' id='line_1_40' title="bbox 136 4081 1468 4168; baseline 0 -20"><span class='ocrx_word' id='word_1_337' title='bbox 136 4082 248 4147; x_wconf 90' lang='lat' dir='ltr'>tritum</span> <span class='ocrx_word' id='word_1_338' title='bbox 275 4084 314 4144; x_wconf 93' lang='lat' dir='ltr'>ad</span> <span class='ocrx_word' id='word_1_339' title='bbox 334 4093 452 4146; x_wconf 88' lang='lat' dir='ltr'>tantam</span> <span class='ocrx_word' id='word_1_340' title='bbox 476 4081 723 4165; x_wconf 86' lang='lat' dir='ltr'>magnitudinem</span> <span class='ocrx_word' id='word_1_341' title='bbox 750 4081 972 4163; x_wconf 84' lang='lat' dir='ltr'>pervenisset:</span> <span class='ocrx_word' id='word_1_342' title='bbox 998 4081 1047 4144; x_wconf 87' lang='lat' dir='ltr'>his</span> <span class='ocrx_word' id='word_1_343' title='bbox 1073 4082 1228 4146; x_wconf 73' lang='lat' dir='ltr'>adiecisse</span> <span class='ocrx_word' id='word_1_344' title='bbox 1252 4103 1382 4157; x_wconf 83' lang='lat' dir='ltr'>versus,</span> <span class='ocrx_word' id='word_1_345' title='bbox 1412 4084 1468 4168; x_wconf 89' lang='lat' dir='ltr'>qui</span> 
     </span>
     <span class='ocr_line' id='line_1_41' title="bbox 133 4176 1467 4262; baseline 0.001 -20"><span class='ocrx_word' id='word_1_346' title='bbox 133 4180 216 4243; x_wconf 76' lang='lat' dir='ltr'>iacta</span> <span class='ocrx_word' id='word_1_347' title='bbox 243 4198 355 4240; x_wconf 89' lang='lat' dir='ltr'>eorum</span> <span class='ocrx_word' id='word_1_348' title='bbox 382 4190 413 4240; x_wconf 95' lang='lat' dir='ltr'>et</span> <span class='ocrx_word' id='word_1_349' title='bbox 437 4177 643 4262; x_wconf 75' lang='lat' dir='ltr'>magistratus</span> <span class='ocrx_word' id='word_1_350' title='bbox 671 4177 891 4252; x_wconf 80' lang='lat' dir='ltr'>continerent,</span> <span class='ocrx_word' id='word_1_351' title='bbox 923 4178 962 4239; x_wconf 90' lang='lat' dir='ltr'>de</span> <span class='ocrx_word' id='word_1_352' title='bbox 991 4176 1106 4262; x_wconf 89' lang='lat' dir='ltr'>quibus</span> <span class='ocrx_word' id='word_1_353' title='bbox 1137 4178 1249 4259; x_wconf 84' lang='lat' dir='ltr'>Nepos</span> <span class='ocrx_word' id='word_1_354' title='bbox 1271 4176 1342 4241; x_wconf 86' lang='lat' dir='ltr'>Vit.</span> <span class='ocrx_word' id='word_1_355' title='bbox 1366 4178 1467 4244; x_wconf 83' lang='lat' dir='ltr'>Attici</span> 
     </span>
     <span class='ocr_line' id='line_1_42' title="bbox 131 4276 360 4341; baseline -0.009 -2"><span class='ocrx_word' id='word_1_356' title='bbox 131 4299 161 4341; x_wconf 84' lang='lat' dir='ltr'>r.</span> <span class='ocrx_word' id='word_1_357' title='bbox 190 4278 245 4338; x_wconf 82' lang='grc'>18.</span> <span class='ocrx_word' id='word_1_358' title='bbox 273 4276 360 4338; x_wconf 80' lang='lat' dir='ltr'>Eun.</span> 
     </span>
    </p>

    <p class='ocr_par' dir='ltr' id='par_1_15' title="bbox 131 4366 1462 4538">
     <span class='ocr_line' id='line_1_43' title="bbox 207 4366 1462 4459; baseline 0.001 -22"><span class='ocrx_word' id='word_1_359' title='bbox 207 4372 310 4454; x_wconf 71' lang='lat' dir='ltr'>“Apa</span> <span class='ocrx_word' id='word_1_360' title='bbox 333 4369 469 4451; x_wconf 74' lang='grc' dir='ltr'><strong><em>πρόσσω</em></strong></span> <span class='ocrx_word' id='word_1_361' title='bbox 489 4379 546 4433; x_wconf 77' lang='grc' dir='ltr'>καὶ</span> <span class='ocrx_word' id='word_1_362' title='bbox 571 4369 718 4443; x_wconf 76' lang='grc' dir='ltr'><strong>ὀπίσσω,</strong></span> <span class='ocrx_word' id='word_1_363' title='bbox 751 4367 852 4431; x_wconf 88' lang='lat' dir='ltr'>simul</span> <span class='ocrx_word' id='word_1_364' title='bbox 873 4388 896 4430; x_wconf 87' lang='lat' dir='ltr'><em>a</em></span> <span class='ocrx_word' id='word_1_365' title='bbox 908 4366 1042 4459; x_wconf 81' lang='lat' dir='ltr'>fronte</span> <span class='ocrx_word' id='word_1_366' title='bbox 1067 4378 1101 4429; x_wconf 87' lang='lat' dir='ltr'>et</span> <span class='ocrx_word' id='word_1_367' title='bbox 1121 4388 1145 4429; x_wconf 86' lang='lat' dir='ltr'><strong><em>a</em></strong></span> <span class='ocrx_word' id='word_1_368' title='bbox 1169 4379 1282 4451; x_wconf 87' lang='lat' dir='ltr'>tergo.</span> <span class='ocrx_word' id='word_1_369' title='bbox 1307 4372 1348 4434; x_wconf 91' lang='lat' dir='ltr'>ad</span> <span class='ocrx_word' id='word_1_370' title='bbox 1370 4373 1462 4438; x_wconf 78' lang='lat' dir='ltr'>Fam.</span> 
     </span>
     <span class='ocr_line' id='line_1_44' title="bbox 131 4462 830 4538; baseline -0.01 -5"><span class='ocrx_word' id='word_1_371' title='bbox 131 4467 235 4532; x_wconf 84' lang='lat' dir='ltr'><strong>XIII.</strong></span> <span class='ocrx_word' id='word_1_372' title='bbox 260 4464 319 4538; x_wconf 92' lang='grc'><strong>15,</strong></span> <span class='ocrx_word' id='word_1_373' title='bbox 345 4463 377 4526; x_wconf 75' lang='grc'><strong>2.</strong></span> <span class='ocrx_word' id='word_1_374' title='bbox 401 4484 442 4527; x_wconf 87' lang='lat' dir='ltr'>ex</span> <span class='ocrx_word' id='word_1_375' title='bbox 465 4462 602 4527; x_wconf 84' lang='lat' dir='ltr'>Homeri</span> <span class='ocrx_word' id='word_1_376' title='bbox 625 4462 666 4526; x_wconf 91' lang='lat' dir='ltr'>II.</span> <span class='ocrx_word' id='word_1_377' title='bbox 688 4489 730 4533; x_wconf 91' lang='grc' dir='ltr'>α,</span> <span class='ocrx_word' id='word_1_378' title='bbox 756 4463 830 4526; x_wconf 78' lang='grc'><strong>313.</strong></span> 
     </span>
    </p>

    <p class='ocr_par' dir='ltr' id='par_1_16' title="bbox 132 4554 1461 4740">
     <span class='ocr_line' id='line_1_45' title="bbox 207 4554 1461 4645; baseline 0.001 -21"><span class='ocrx_word' id='word_1_379' title='bbox 207 4562 423 4645; x_wconf 55' lang='grc' dir='ltr'>Ἀμβροτοῃ</span> <span class='ocrx_word' id='word_1_380' title='bbox 447 4557 670 4633; x_wconf 68' lang='lat' dir='ltr'>mortalis,</span> <span class='ocrx_word' id='word_1_381' title='bbox 705 4554 849 4620; x_wconf 82' lang='lat' dir='ltr'>divinus.</span> <span class='ocrx_word' id='word_1_382' title='bbox 903 4559 969 4630; x_wconf 82' lang='lat' dir='ltr'>„Et</span> <span class='ocrx_word' id='word_1_383' title='bbox 996 4556 1060 4632; x_wconf 83' lang='lat' dir='ltr'>ais,</span> <span class='ocrx_word' id='word_1_384' title='bbox 1094 4560 1160 4642; x_wconf 78' lang='grc' dir='ltr'><strong><em>μετ’</em></strong></span> <span class='ocrx_word' id='word_1_385' title='bbox 1183 4559 1354 4645; x_wconf 76' lang='grc' dir='ltr'>ἇμύμονα.</span> <span class='ocrx_word' id='word_1_386' title='bbox 1410 4564 1461 4628; x_wconf 89' lang='lat' dir='ltr'>Tu</span> 
     </span>
     <span class='ocr_line' id='line_1_46' title="bbox 132 4650 1271 4740; baseline 0 -20"><span class='ocrx_word' id='word_1_387' title='bbox 132 4678 211 4722; x_wconf 76' lang='lat' dir='ltr'>vero</span> <span class='ocrx_word' id='word_1_388' title='bbox 228 4653 385 4740; x_wconf 72' lang='grc' dir='ltr'>ἀμύμων.</span> <span class='ocrx_word' id='word_1_389' title='bbox 427 4651 488 4716; x_wconf 87' lang='lat' dir='ltr'>Ille</span> <span class='ocrx_word' id='word_1_390' title='bbox 510 4650 636 4737; x_wconf 79' lang='lat' dir='ltr'>qusidem</span> <span class='ocrx_word' id='word_1_391' title='bbox 661 4650 841 4739; x_wconf 80' lang='grc' dir='ltr'><strong>ἄμβροτος.</strong></span> <span class='ocrx_word' id='word_1_392' title='bbox 854 4650 873 4678; x_wconf 85' lang='grc'>”</span> <span class='ocrx_word' id='word_1_393' title='bbox 897 4653 936 4714; x_wconf 84' lang='lat' dir='ltr'>ad</span> <span class='ocrx_word' id='word_1_394' title='bbox 959 4653 1031 4715; x_wconf 83' lang='lat' dir='ltr'>Att.</span> <span class='ocrx_word' id='word_1_395' title='bbox 1054 4653 1153 4717; x_wconf 91' lang='lat' dir='ltr'><strong>XVI.</strong></span> <span class='ocrx_word' id='word_1_396' title='bbox 1178 4654 1213 4730; x_wconf 88' lang='grc'>5,</span> <span class='ocrx_word' id='word_1_397' title='bbox 1239 4656 1271 4720; x_wconf 91' lang='grc'><strong>5.</strong></span> 
     </span>
    </p>

    <p class='ocr_par' dir='ltr' id='par_1_17' title="bbox 134 4745 1461 4919">
     <span class='ocr_line' id='line_1_47' title="bbox 210 4745 1461 4835; baseline 0.007 -23"><span class='ocrx_word' id='word_1_398' title='bbox 210 4750 412 4835; x_wconf 75' lang='grc' dir='ltr'>Ἀμεμπτα,</span> <span class='ocrx_word' id='word_1_399' title='bbox 432 4766 503 4810; x_wconf 87' lang='lat' dir='ltr'>non</span> <span class='ocrx_word' id='word_1_400' title='bbox 521 4747 728 4812; x_wconf 76' lang='lat' dir='ltr'>decusando.</span> <span class='ocrx_word' id='word_1_401' title='bbox 773 4746 864 4822; x_wconf 85' lang='lat' dir='ltr'>„Ista</span> <span class='ocrx_word' id='word_1_402' title='bbox 889 4755 969 4829; x_wconf 88' lang='lat' dir='ltr'>puto</span> <span class='ocrx_word' id='word_1_403' title='bbox 992 4745 1263 4832; x_wconf 62' lang='lat' dir='ltr'>&amp;perpetratores</span> <span class='ocrx_word' id='word_1_404' title='bbox 1289 4771 1399 4816; x_wconf 82' lang='lat' dir='ltr'>verum</span> <span class='ocrx_word' id='word_1_405' title='bbox 1427 4765 1461 4821; x_wconf 89' lang='lat' dir='ltr'>ut</span> 
     </span>
     <span class='ocr_line' id='line_1_48' title="bbox 134 4839 687 4919; baseline -0.007 -10"><span class='ocrx_word' id='word_1_406' title='bbox 134 4844 296 4913; x_wconf 73' lang='lat' dir='ltr'>tenebit.”</span> <span class='ocrx_word' id='word_1_407' title='bbox 319 4841 362 4907; x_wconf 76' lang='lat' dir='ltr'>at</span> <span class='ocrx_word' id='word_1_408' title='bbox 381 4841 456 4906; x_wconf 86' lang='lat' dir='ltr'>Au.</span> <span class='ocrx_word' id='word_1_409' title='bbox 481 4840 567 4905; x_wconf 91' lang='lat' dir='ltr'><strong>VII.</strong></span> <span class='ocrx_word' id='word_1_410' title='bbox 591 4844 628 4919; x_wconf 87' lang='lat'>1,</span> <span class='ocrx_word' id='word_1_411' title='bbox 652 4839 687 4905; x_wconf 80' lang='grc'><strong>9.</strong></span> 
     </span>
    </p>
   </div>
   <div class='ocr_carea' id='block_1_4' title="bbox 0 0 1612 5318">
    <p class='ocr_par' dir='ltr' id='par_1_18' title="bbox 0 0 1612 5318">
     <span class='ocr_line' id='line_1_49' title="bbox 0 0 1612 5318; baseline 0 0"><span class='ocrx_word' id='word_1_412' title='bbox 0 0 1612 5318; x_wconf 95' lang='lat' dir='ltr'> </span> 
     </span>
    </p>
   </div>
  </div>
 </body>
</html>
