3202 5318
125 317 165 381 51»
570 379 573 382 ,
742 313 890 380 INDEX

127 470 162 521 ut
182 481 253 523 cum
276 460 445 523 minutum
460 457 589 522 dicimus
612 458 746 521 animum
769 478 831 540 pro
853 479 980 540 perne,
1004 469 1036 520 ct
1053 453 1212 520 abutimur
1234 455 1344 523 vet-bit
1366 478 1444 541 pno-
1479 512 1488 532 ,

126 553 271 638 pinquis,
295 554 321 616 si
344 574 424 634 opus
439 564 505 627 est,
530 553 680 636 velquod
695 553 830 615 delectat
854 552 904 613 vel
927 554 1014 634 qttod
1029 551 1156 615 deeet.’'
1180 553 1305 617 Orator
1316 550 1373 626 77,
1389 553 1443 615 91.

63 727 68 738 ⁸
211 650 311 714 Kntci
339 647 553 732 Χρύσιππον,
580 647 767 710 secuudum
802 646 1047 732 Chrysippum.
1102 647 1200 725 „Hoc
1228 644 1322 709 ctiam
1360 647 1443 711 κατὰ

125 744 323 829 Χρύσιππον
345 743 482 808 δυνατὸν
504 741 592 804 est.''
637 743 677 804 ad
700 741 791 803 Fam.
813 742 876 804 IX.
895 742 925 804 1.

210 840 293 902 Κατ’
316 837 454 902 εἰδώλων
477 838 669 920 ἐμπτώσεις,
696 859 760 919 per
785 836 1050 898 simulacrorum
1075 835 1292 899 incidentiae.
1320 838 1360 899 ad
1375 837 1444 902 Au.

126 930 173 995 ΙΙ.
199 931 236 1006 3,
262 932 291 996 7.
315 930 393 994 Vid.
417 954 445 993 s.
471 954 504 994 v.
529 937 685 997 Εἴδωλον.
1181 958 1185 962 ’

209 1028 293 1090 Κατ’
326 1026 464 1091 εἰδώλων
497 1040 701 1107 φαντασίας,
735 1026 920 1088 nectendum
954 1037 1167 1109 tunctune-um
1195 1025 1355 1090 visiones.
1406 1028 1444 1089 ad

75 1138 80 1147 “
124 1119 216 1184 Fam.
239 1121 323 1184 XV.
349 1123 405 1196 tu,
431 1125 462 1183 1.
508 1122 585 1184 viu.
609 1145 635 1185 s.
661 1143 692 1184 v.
717 1126 874 1186 Εἴδωλον.
981 1126 985 1131 ’

208 1217 496 1302 Κατηγορήματα,
514 1238 575 1279 eae
598 1238 672 1290 res,
696 1237 783 1300 queue
805 1215 967 1278 dicuntur
988 1217 1030 1279 de
1051 1216 1201 1300 quodam
1221 1222 1284 1277 attt
1306 1213 1444 1299 quibem·

124 1310 215 1376 dato.
260 1311 495 1394 „Distinguunt
524 1311 600 1374 iIIud
622 1311 732 1385 etiam,
768 1322 801 1372 ut
831 1310 928 1374 libido
951 1311 991 1374 sit
1014 1332 1120 1376 cartem
1144 1330 1267 1386 terum,
1292 1331 1376 1395 quiae
1398 1309 1443 1373 di-

124 1415 238 1468 cuntur
265 1409 304 1468 de
325 1407 461 1487 quiedam
484 1418 536 1467 aut
559 1405 764 1490 quibusdam:
787 1425 868 1488 quac
884 1407 1137 1490 κατηγορήματα
1159 1402 1315 1467 dialectici
1337 1404 1444 1487 appele

125 1498 208 1575 Iant,
232 1510 266 1562 ut
288 1500 407 1562 habere
430 1498 573 1584 divitias,
598 1521 712 1582 capere
728 1501 888 1563 honores:
913 1499 1084 1582 indigentia
1100 1520 1206 1562 nerum
1223 1500 1364 1581 ipsarum
1380 1508 1440 1574 cst,

124 1605 159 1656 ut
179 1596 358 1668 honorum,
383 1604 419 1655 ut
441 1594 634 1675 pecuniac.”
680 1597 780 1658 'I'usc.
804 1594 869 1656 IV.
895 1595 932 1668 9,
958 1594 1010 1656 71.

207 1689 419 1767 Κατήχησις,
443 1689 630 1753 institutio.
677 1689 767 1768 „Sed
789 1687 974 1770 quiescenti
996 1690 1185 1751 credendum
1207 1687 1264 1763 sit,
1290 1687 1368 1774 quid
1390 1710 1444 1752 uo·

124 1780 217 1858 mini,
250 1782 327 1866 quid
350 1781 537 1860 hereditati,
569 1782 643 1866 quud
667 1784 859 1862 κατηχήσιι,
889 1782 994 1867 magni
1016 1781 1141 1846 consilii
1164 1781 1251 1848 est.''
1303 1785 1345 1846 ad
1374 1784 1442 1848 Au.

124 1877 206 1940 XV.
232 1877 289 1950 17,
315 1877 358 1938 7.

207 1974 292 2037 Κατ’
315 1973 449 2058 ὀπώρην
470 1968 563 2058 τρύξ,
581 1995 648 2057 per
669 1987 873 2036 autumnum
877 1972 993 2064 faex.
1039 1975 1151 2054 „Tota
1172 1993 1223 2035 res
1246 1970 1341 2035 etism
1366 1993 1444 2035 nuuc

124 2065 279 2128 fluctuat:
316 2070 385 2131 κατ’
415 2068 549 2154 ὀπώρην
573 2069 657 2155 τρύξ.
689 2089 770 2151 quae
793 2068 820 2131 si
843 2067 1016 2141 desederit,
1048 2066 1147 2150 magis
1170 2078 1264 2129 emunt
1286 2065 1442 2141 iudicata,

125 2179 207 2243 quae
229 2160 408 2223 scribam.''
459 2165 496 2224 ad
520 2165 592 2225 Au.
616 2163 663 2225 II.
689 2162 744 2236 17,
780 2163 812 2224 3.
866 2161 992 2226 Dicitur
1015 2162 1054 2223 de
1077 2160 1256 2223 reincensa
1284 2171 1317 2221 et
1345 2161 1445 2222 adhuc

123 2253 311 2328 fluctuante,
345 2255 646 2362 ducto..pnnvcnbio
676 2279 691 2317 a
718 2256 827 2330 faece,
862 2277 943 2340 quae
974 2253 1143 2317 autumnali
1171 2266 1318 2337 tempore
1346 2255 1445 2315 adhuc

124 2345 255 2410 fluctuat
277 2359 308 2409 et
330 2360 416 2411 natat
437 2348 469 2411 iu
492 2350 586 2424 vino,
613 2352 744 2413 necdum
767 2350 896 2416 desedit.
944 2350 1029 2412 Euu.

208 2442 445 2529 Κατόρὲιωμα,
468 2457 616 2520 rectum,
642 2444 930 2536 rectefactum.
943 2443 1061 2525 „Quae
1076 2455 1181 2506 autem
1202 2463 1261 2508 nos
1285 2454 1340 2506 aut
1361 2453 1445 2506 reeta

126 2545 180 2597 aut
198 2547 287 2598 necte
301 2536 384 2599 facta
408 2538 567 2614 dicamus,
592 2538 618 2601 si
640 2539 768 2620 placet,
796 2538 859 2618 (illi
883 2548 985 2600 etitem
1009 2537 1171 2618 appeliant
1191 2525 1445 2622 κατορθώματα)

127 2649 237 2692 omues
259 2651 409 2695 numeros
432 2633 562 2696 virtutis
585 2633 792 2697 contine-nest
838 2636 877 2695 dc
899 2633 995 2695 Fiun.
1020 2632 1087 2695 III.
1112 2635 1153 2706 7,
1184 2633 1237 2693 91.
1260 2665 1302 2678 -
1349 2633 1446 2695 Recta

126 2722 258 2786 effectio
282 2725 507 2811 (κατόρθωσιν
530 2727 610 2789 euim
634 2727 676 2789 ita
694 2727 839 2809 appello,
871 2728 1019 2808 quoniam
1043 2736 1164 2788 rectum
1187 2718 1306 2788 factum
1329 2726 1446 2811 κατόρ-

125 2819 245 2932 bone)
266 2830 352 2880 reeta
375 2819 474 2903 igitur
496 2820 627 2884 effectio
650 2855 691 2867 —
713 2853 753 2863 -
776 2856 814 2866 -—
839 2821 1001 2882 crescendi
1019 2818 1231 2882 accessionem
1254 2819 1373 2881 nullam
1393 2821 1446 2881 ha·

126 2909 221 2973 het!
266 2911 620 2989 deFinn.111.tt,
655 2917 707 2979 15.
738 2947 779 2959 ·-
830 2913 939 2993 „lum
961 2924 1102 2989 rectum,
1138 2915 1225 2997 quod
1247 2913 1446 2997 κατόρθωμα

127 2992 275 3080 dicebas,
306 3006 463 3090 contingit
485 3007 618 3089 sapIenti
641 3009 746 3072 soliss’
797 2967 844 3070 de
856 3008 952 3071 Fiun.
977 3008 1041 3070 IV.
1067 3009 1104 3082 ὁ,
1134 3010 1186 3069 11.
1213 3042 1250 3053 -
1295 3008 1363 3088 „Et
1386 3028 1446 3068 mc·

127 3096 212 3159 dium
243 3101 402 3181 quoddam
428 3101 568 3164 officium
598 3101 713 3165 dicitm
735 3116 766 3166 et
788 3103 977 3185 perfectum.
1023 3101 1210 3166 Perfectum
1232 3100 1375 3164 officium
1397 3121 1446 3163 re·

129 3202 232 3266 ctum,
267 3192 400 3274 opinor,
437 3216 608 3270 vocemus,
641 3199 728 3279 quod
752 3196 868 3260 Gracci
889 3196 1108 3279 κατόρθωμαι
1142 3197 1205 3260 hoc
1227 3206 1331 3258 sutem
1361 3217 1446 3260 com-

127 3307 220 3349 muue
241 3292 387 3366 καθῆκον
408 3292 565 3352 vocant.”
609 3293 647 3354 de
671 3291 770 3357 offic.
795 3292 824 3354 Ι.
848 3291 888 3367 3,
912 3291 945 3354 8.

212 3382 452 3467 Κατόρθωσις,
478 3396 573 3447 recta
599 3383 763 3475 effectio.
817 3388 943 3466 „Recta
966 3384 1097 3450 effectio
1121 3387 1349 3472 (κατόρθωσιν
1368 3385 1446 3450 euim

129 3475 172 3539 ita
201 3476 348 3558 appello,
391 3479 537 3561 quoniam
567 3493 688 3543 rectum
715 3480 834 3543 factum
864 3481 1085 3601 κατόρὸωαα)
1118 3492 1205 3543 reeta
1240 3479 1338 3564 igitur
1369 3481 1447 3544 effe·

129 3568 193 3634 ctio
209 3601 306 3618 --
323 3601 361 3612 ·-
378 3573 540 3635 crescendi
555 3575 767 3638 accessionem
784 3575 898 3637 nuIIam
914 3574 1054 3636 habet.''
1078 3577 1118 3636 de
1133 3575 1227 3638 Fiun.
1245 3575 1311 3639 III.
1329 3575 1382 3650 11,
1394 3575 1446 3638 15.

212 3668 401 3743 Καχέκτης,
432 3670 519 3729 mnle
547 3665 721 3759 affectus.
772 3669 853 3742 „Ille
876 3670 956 3731 alter
979 3689 1042 3732 uuo
1066 3668 1165 3731 miuus
1188 3669 1268 3732 vitio
1292 3669 1445 3745 vitiosus,

130 3758 247 3843 quod
239 3780 339 3836 mers,
365 3763 452 3844 quod
474 3761 578 3824 somni
599 3716 1046 3847 plenus,qi10ditnperitus‚
1072 3762 1470 3850 ᾳιιοι1ἀττρακτότατος,’

131 3855 188 3916 sed
209 3853 405 3917 voluntate
397 3865 440 3917 tta
462 3868 632 3935 καχέκτης,
661 3868 693 3918 ut
717 3857 907 3939 Pompeium
924 3856 1095 3938 postillam
1112 3856 1312 3931 contionem,
1341 3856 1375 3920 iu
1389 3879 1450 3941 qua

132 3949 171 4011 ab
195 3969 234 4012 eo
257 3960 384 4010 senatus
406 3949 550 4012 laudatus
574 3963 639 4024 est,
665 3951 769 4014 odisse
792 3950 977 4033 coeperit.’'
1008 3954 1047 4013 ad
1069 3953 1141 4015 nu.
1165 3952 1194 4014 1.
1218 3954 1275 4026 11,
1300 3951 1332 4014 6.
1378 3953 1452 4016 Me-

132 4041 208 4106 dicis
238 4056 392 4122 καχέκτης
414 4054 482 4120 cst,
514 4044 602 4106 cuius
625 4045 773 4126 corporis
796 4045 921 4108 habitus
949 4044 1082 4109 vitiosus
1104 4055 1169 4120 est,
1200 4045 1289 4108 cuius
1312 4053 1452 4131 corpus,

131 4136 191 4201 etsi
212 4139 362 4219 plenum,
385 4147 490 4201 tamen
513 4137 615 4214 inens,
641 4139 810 4221 pallidum,
834 4139 965 4203 lividum
988 4151 1053 4202 cst:
1080 4139 1243 4203 voluntate
1265 4150 1370 4204 autem
1393 4169 1452 4207 κα-

133 4243 258 4310 κέκτης,
282 4231 338 4316 qui
358 4253 458 4315 prava
481 4244 585 4308 amat,
607 4235 691 4299 bona
715 4233 799 4310 odit,
825 4233 880 4317 qui
901 4255 1004 4316 pravo
1027 4234 1131 4296 animo
1155 4245 1215 4297 est.
1258 4237 1345 4299 Eun.

216 4329 461 4412 Κενλπφωμαι,
497 4328 612 4393 auimo
637 4350 804 4413 suspenso
830 4332 896 4392 hue
917 4329 999 4392 illue
1014 4329 1189 4411 impellor,
1202 4327 1371 4421 fluctuo,
1396 4354 1452 4396 uo-

132 4419 394 4580 ῙΙιρΙιὶτιιιςηιῧιιιιι.Ε
429 4425 467 4486 ad
499 4423 570 4486 Au.
599 4424 700 4487 XIII.
733 4425 791 4501 10,
827 4424 859 4487 9.
914 4425 993 4488 Vid.
1017 4423 1188 4507 Spanhem.
1212 4425 1251 4487 ad
1280 4424 1451 4509 Aristoph.

179 4526 210 4575 ut
398 4540 450 4580 uu.

217 4611 384 4692 Κέκρικα,
413 4624 546 4676 eertum
573 4614 679 4677 habeo
707 4624 740 4677 et
767 4611 1004 4678 coustitutum.
1049 4614 1123 4687 ,De
1146 4610 1282 4696 epistota
1305 4617 1345 4677 ad
1369 4614 1451 4681 Cte-

133 4724 257 4775 sanem,
278 4705 451 4787 κι·κρικτι.”
494 4710 533 4770 ad
554 4708 625 4771 Au.
649 4708 749 4773 XIII.
774 4708 832 4783 31,
859 4709 889 4771 3.
935 4706 1013 4771 Vid.
1035 4729 1171 4791 sequens
1194 4710 1402 4775 vocabulum.

217 4797 404 4879 Κικύβικα,
431 4798 467 4863 in
489 4801 565 4865 cubi
587 4813 620 4866 et
640 4814 789 4866 tesserae
815 4803 954 4866 modum
980 4823 1033 4865 me
1054 4801 1293 4896 conformavi,
1310 4805 1452 4884 firmit-
