3202 5318
223 274 287 339 ιιι
484 259 490 274 ·
701 238 852 337 nnat
871 268 1053 337 Lacon.

508 437 678 506 caecam.
700 437 741 502 de
762 440 803 505 P.
825 440 923 505 Sulla
942 449 976 502 et
996 441 1039 504 P.
1060 437 1244 502 Autronio.

309 598 380 680 „At
405 595 486 661 enim
513 595 628 680 (inquit
654 598 697 660 L.
724 597 979 679 Torquatnspet
1005 592 1198 680 gladiatores
1224 606 1255 658 et
1280 595 1383 660 omnis
1404 596 1464 683 ista
1489 595 1537 660 eis

223 691 401 777 rogationis
418 691 583 756 Caeciliae
605 710 698 753 causa
717 691 996 772 comparabantur.
1017 719 1058 732 ·-
1080 695 1188 772 Atque
1208 686 1237 749 in
1261 691 1323 750 boc
1343 689 1419 752 loco
1439 689 1471 753 in
1491 693 1550 755 Ι..

224 784 408 854 Caecilium
430 785 629 846 veliementer
647 783 790 845 invectus
817 792 883 845 est:
906 781 995 845 citius
1019 803 1082 865 ego
1108 784 1146 844 de
1168 781 1285 844 virtute
1308 794 1338 845 et
1358 782 1538 847 constantia

221 891 343 943 tantum
365 877 455 940 dico:
478 878 572 939 talem
596 877 679 938 branc
702 875 732 937 in
756 875 815 939 iste
840 873 1027 959 rogatione,
1051 896 1143 958 quiam
1169 875 1385 960 promulgavit
1410 896 1475 938 non
1499 878 1538 938 de

224 972 364 1038 tollenda
386 973 442 1033 sed
464 973 502 1032 de
522 969 653 1032 levanda
674 967 846 1032 calamitate
862 968 970 1031 fratris
991 969 1037 1031 sui
1054 969 1106 1046 (P.
1126 968 1247 1047 Sullae)
1266 969 1381 1047 sitisse,
1405 981 1441 1033 ut
1460 990 1539 1034 eon·

225 1066 344 1143 uultum
365 1084 433 1125 esse
458 1061 594 1126 voluerit
616 1061 726 1136 fratri,
751 1083 821 1123 cum
843 1082 878 1123 re
906 1061 1030 1141 publica
1051 1083 1193 1145 pugnare
1212 1061 1371 1137 noluerit;
1395 1063 1540 1146 promul·

224 1159 313 1244 garit
337 1144 489 1238 impulsus
513 1176 620 1218 amore
648 1155 807 1228 iraterne,
842 1155 996 1216 destiterit
1022 1155 1129 1217 fratris
1156 1155 1344 1219 auctoritate
1371 1157 1538 1219 deductus.

225 1252 334 1334 Atque
355 1251 385 1311 in
412 1269 447 1310 ea
469 1270 503 1311 re
526 1269 585 1329 per
600 1249 640 1310 L.
656 1246 829 1309 Caecilium
848 1247 933 1310 Sulla
956 1259 1136 1323 accersatur,
1162 1248 1192 1310 io
1215 1269 1276 1330 qua
1293 1268 1328 1310 re
1344 1260 1391 1311 est
1408 1259 1540 1331 uterque

181 1367 183 1376 ·
224 1344 408 1408 laudandus.
453 1340 592 1404 Primum
614 1339 805 1415 Caecilium,
825 1340 878 1424 qui
900 1339 929 1402 td
945 1340 1198 1424 promulgarat
1190 1362 1219 1403 ιιι
1240 1363 1303 1424 quo
1321 1361 1373 1404 res
1388 1340 1541 1405 iudicatas

213 1436 394 1502 ‘videbatur
410 1435 546 1496 voluisse
565 1434 759 1506 rescindere,
778 1445 812 1495 ut
826 1444 1036 1508 statueretur,
1059 1434 1146 1497 Sulla
1165 1446 1251 1498 reete
1263 1435 1540 1516 reprehendite·

225 1530 274 1597 At
296 1528 371 1591 nihil
394 1529 432 1589 de
452 1527 567 1591 iudicio
589 1526 710 1589 serebat
734 1508 937 1606 (Cierilins),
962 1529 1017 1588 sed
1044 1548 1178 1609 poenam
1204 1527 1337 1591 ambitus
1360 1529 1539 1605 auferebat,

191 1661 193 1664 >
227 1638 308 1708 quae
330 1620 434 1682 furerat
455 1620 672 1702 superioribus
700 1621 822 1703 legibus
844 1619 1029 1684 constituta.
1074 1621 1185 1704 ltaque
1205 1623 1263 1684 bae
1283 1622 1454 1706 rogatione
1478 1644 1543 1687 non

226 1711 364 1781 iudicum
386 1713 586 1788 sententiam,
611 1717 667 1776 sed
688 1714 765 1796 legis
790 1713 896 1777 vitium
918 1713 1119 1796 corrigebat:
1144 1735 1234 1778 nemo
1260 1715 1406 1779 iudicium
1431 1736 1544 1797 repre·

226 1807 353 1884 heodit,
378 1829 448 1869 eum
474 1810 512 1870 de
539 1827 642 1888 poena
667 1807 829 1891 queritur,
853 1808 908 1869 sed
935 1807 1054 1889 legem.
1099 1807 1270 1872 Damnatio
1294 1808 1442 1873 enimest
1464 1809 1546 1871 iudi·

166 1926 175 1953 ι
228 1896 318 1978 eum,
343 1922 421 1984 quae
442 1902 602 1973 manebat;
635 1920 736 1982 poena
762 1899 859 1984 legis,
885 1921 964 1984 quiue
989 1900 1257 1962 levabatur.···
1299 1904 1373 1966 Eex
1398 1903 1466 1967 dies
1486 1902 1548 1966 init

227 1995 394 2078 proposita
418 2015 554 2076 partc0s3
577 1994 654 2057 ferri
675 2005 788 2074 coepta
815 2014 989 2077 utinquam:
1022 1993 1162 2074 deposita
1187 2006 1235 2057 est
1257 1995 1286 2057 in
1308 2008 1432 2059 senatu.
1475 1996 1544 2060 Ka·

229 2087 328 2151 lendis
352 2088 422 2151 Ian.
452 2109 521 2150 cnm
550 2087 580 2149 iu
610 2085 802 2166 Capitolium
829 2107 886 2149 nos
908 2096 1047 2148 senatum
1073 2108 1357 2160 convocassemns,
1391 2089 1468 2152 nihil
1497 2100 1547 2152 est

229 2192 335 2244 actum
360 2182 467 2264 prius,
492 2193 522 2242 et
544 2180 576 2242 id
597 2182 755 2241 mandatu
765 2180 870 2242 Sullae
892 2178 934 2258 Q.
960 2180 1108 2242 Metellus
1131 2194 1260 2261 praetor
1280 2203 1314 2246 se
1334 2182 1423 2266 loqui
1445 2182 1543 2258 dixit,

230 2273 349 2372 Sullam
369 2273 453 2336 illam
477 2294 540 2356 rog
542 2274 675 2337 ationem
702 2275 740 2334 de
761 2294 795 2334 se
815 2272 899 2334 nolle
920 2272 1033 2335 [ιιιῑ.Η
1066 2295 1153 2355 pro
1146 2275 1231 2336 Sulla
1255 2296 1285 2338 e.
1309 2276 1348 2339 22
1371 2297 1419 2361 aq.

315 2371 356 2432 t..
380 2367 548 2432 Caecilius
569 2364 722 2456 (Rufus)
744 2352 888 2428 tribunus
910 2366 1012 2447 plebis
1031 2366 1160 2429 consule
1184 2365 1342 2433 Cicerone
1362 2391 1390 2434 a
1411 2390 1444 2432 ιι.
1467 2369 1545 2433 690.

228 2459 303 2524 tulit
323 2460 366 2524 de
386 2460 516 2523 ambitu
539 2460 662 2565 legent,
683 2481 744 2541 qua
767 2459 832 2520 eius
854 2480 957 2540 poena
982 2458 1234 2537 imminueretur,
1260 2473 1295 2531 et
1316 2484 1352 2526 ea
1371 2462 1546 2526 coustitue-

229 2567 336 2630 retur,
371 2575 452 2638 qnae
474 2565 544 2616 ante
570 2553 746 2636 proximam
775 2553 876 2634 legem
902 2552 1023 2615 luisset.
1067 2553 1149 2615 Nam
1178 2575 1248 2617 crata
1282 2555 1381 2619 irater
1408 2555 1477 2620 eius
1509 2559 1547 2618 de

232 2647 348 2710 ambitu
372 2669 444 2710 reus
464 2647 566 2710 iaetus
588 2650 875 2730 condemnatusque
898 2657 997 2718 esset,
1022 2647 1099 2711 adeo
1120 2667 1216 2731 aegre
1238 2649 1310 2711 tulit
1332 2669 1400 2710 eam
1423 2668 1549 2731 poenae
1576 2642 1580 2655 '

230 2740 449 2816 acerbitatem,
475 2760 554 2823 quae
569 2739 663 2802 fratri
678 2736 866 2821 perferenda
889 2749 957 2800 erat
979 2759 1020 2800 ex
1040 2738 1110 2821 lege
1128 2740 1341 2818 recentissima
1358 2739 1546 2824 Calpurnia,

231 2847 266 2897 ut
289 2833 326 2895 de
350 2853 388 2895 ea
410 2833 482 2916 lege
507 2833 674 2916 mitiganda
699 2833 867 2915 cogitaret.
912 2833 1023 2915 ltaque
1053 2833 1215 2895 ridebatur
1238 2855 1273 2896 ea
1297 2836 1369 2921 lege
1394 2858 1446 2899 res
1468 2837 1548 2900 iudi·

232 2937 316 2986 eatas
337 2927 516 2987 rescindere
538 2927 631 2987 velle.
677 2928 758 2999 Sed,
792 2936 977 3008 quantume
1005 2924 1163 2988 Cicerone
1188 2928 1339 3012 colligere
1363 2929 1454 3010 lieet,
1484 2951 1550 2994 non

233 3030 280 3080 est
301 3019 435 3099 perlata.
467 3020 551 3081 Ena.
596 3021 715 3083 Parum
739 3029 885 3080 accurate
906 3020 982 3081 baec
1006 3020 1176 3100 disputavit
1198 3020 1375 3084 Ernestlus.

233 3112 335 3195 legem
350 3108 391 3173 de
406 3111 536 3173 ambitu
556 3109 713 3174 Caecilius
735 3111 875 3186 tulisset,
900 3133 960 3194 qaia
985 3112 1050 3173 eins
1067 3133 1168 3193 poena
1186 3100 1453 3218 imminueretur,
1479 3188 1482 3193 ¹
1514 3186 1518 3193 ,
1538 3112 1549 3131 '

233 3224 291 3268 suo
315 3220 511 3287 nequaquam
535 3207 710 3267 coarsultuna
741 3215 843 3266 esset.
883 3226 964 3267 nova
988 3205 1067 3267 enim
1093 3206 1143 3268 lex
1170 3206 1303 3269 ambitus
1325 3188 1473 3290 perlate*
1511 3196 1527 3283 ⁵·

233 3297 436 3377 prodesset
428 3296 484 3369 tis,
515 3297 631 3381 quiex
658 3297 767 3379 priore
795 3298 863 3379 lege
890 3300 927 3360 de
955 3299 1070 3359 ambitu
1098 3311 1187 3359 erant
1214 3300 1360 3364 damnati.
1404 3296 1498 3369 Ῐῦϋ
1501 3300 1550 3367 B·

236 3389 368 3454 Caecilii
391 3390 518 3474 rogatio
540 3413 575 3453 ea
597 3391 675 3465 suit,
700 3403 737 3452 ut
760 3394 798 3454 P.
820 3392 977 3455 Cornelio
996 3372 1110 3455 Sullae
1130 3404 1162 3454 et
1183 3396 1220 3456 P
1239 3374 1551 3501 AutronioPuio,

234 3484 307 3569 lege
327 3483 499 3565 Calpurnia
526 3486 563 3546 de
594 3486 709 3546 ambitu
734 3486 902 3561 damnatis,
927 3485 1120 3547 senatorius
1147 3487 1233 3549 ordo
1260 3480 1554 3571 magistratuaqt't‘a

236 3576 434 3660 capessendi
458 3589 614 3659 potestne
643 3577 860 3652 redderetur,
895 3599 987 3662 qnam
1021 3579 1072 3640 illa
1108 3579 1206 3640 lex
1186 3601 1223 3640 ns
1252 3582 1424 3643 ademerat.
1480 3583 1553 3665 Qua

234 3672 404 3755 rogatione
434 3682 480 3746 et,
514 3673 600 3754 «pared
630 3670 747 3734 Cicero
774 3671 922 3745 affirmat,
954 3671 1041 3735 irrita
1070 3673 1165 3735 llebat
1195 3674 1246 3735 lex
1277 3673 1466 3758 Calpurnia,
1499 3682 1551 3752 et,

237 3768 323 3849 qrtod
352 3763 468 3829 Cicera
498 3764 616 3827 frustra
646 3777 757 3848 negat,
792 3786 844 3826 res
869 3765 1021 3829 iudicatae
1048 3769 1316 3830 rescindebantur.
1362 3770 1436 3831 Nou
1459 3770 1491 3831 in
1511 3768 1554 3832 P.

236 3859 343 3924 Sullae
372 3870 507 3932 tautum,
536 3861 596 3924 ¹sed
624 3860 713 3920 etiam
743 3858 774 3920 in
808 3860 849 3921 P.
879 3859 1030 3921 Autronii
1062 3859 1205 3923 savorem
1235 3860 1436 3946 rogationem
1465 3882 1553 3926 suam

235 3956 457 4037 promulgasse
481 3950 651 4015 Caecilium
677 3955 794 4015 docent
813 3973 894 4036 quae
917 3952 1023 4015 verbis
1039 3975 1134 4034 supra
1155 3953 1254 4019 allatis
1274 3956 1391 4019 addidit
1407 3957 1552 4025 'l'ulliusa

235 4046 347 4133 Atque
379 4047 414 4110 ia
448 4047 526 4130 ipsa
556 4046 736 4129 rogatione
769 4068 810 4108 ne
833 4069 897 4128 per
924 4047 992 4108 vim
1018 4048 1101 4130 qnid
1122 4060 1302 4130 ageretur,
1337 4049 1414 4132 quis
1440 4062 1556 4113 tamen

237 4154 393 4206 nostrum
419 4143 550 4206 Stellam
568 4151 629 4203 aut
654 4140 837 4204 Caecilium
859 4141 1062 4203 verebatur-5²
1083 4162 1193 4204 nonne
1215 4142 1326 4205 ornnis
1347 4143 1403 4205 itte
1424 4153 1553 4218 terror,

237 4238 349 4300 omnis
373 4236 551 4300 seditionis
576 4236 681 4298 timor
702 4246 803 4317 atque
829 4235 963 4318 opinio,
988 4258 1035 4296 ex
1056 4234 1246 4299 Autronii'
1234 4235 1454 4319 improbitate
1473 4257 1557 4320 pen·

162 4352 170 4369 ι
238 4329 362 4393 deba?
383 4331 457 4393 eius
480 4351 593 4438 norff,
618 4330 689 4394 eius
715 4330 827 4392 minae
841 4327 1075 4418 serebantur·
1095 4330 1169 4391 eius
1193 4329 1393 4413 adspectus,
1416 4351 1557 4396 coneur-

238 4422 347 4497 satio,
379 4414 549 4506 stipatioi‘.
562 4442 696 4510 greges
720 4423 895 4488 hominnm
916 4423 1152 4506 perditorum,
1189 4436 1316 4486 metum
1340 4424 1448 4510 nobie
1467 4422 1558 4489 aedi·

239 4513 344 4575 tionis
369 4514 573 4602 offer-‚ebant
623 4521 677 4582 Ad
704 4518 886 4582 Caeciliam
912 4517 1111 4600 rogationem
1134 4517 1233 4602 igitur
1259 4490 1453 4596 referendi,⁸
1476 4536 1557 4602 quae

240 4618 345 4669 narrat
371 4608 435 4672 Dio
467 4609 610 4674 Cassisus
640 4612 826 4675 XXXVII.
855 4612 923 4674 tta
963 4611 1001 4676 Oi
1029 4604 1192 4698 δήμαρχοι
1217 4607 1274 4679 τὸν
1297 4606 1479 4679 'durdrtur
1504 4607 1558 4676 rin

238 4690 365 4764 ἱῖιιιατοι
395 4697 702 4801 ὁμοιοιροιιώτιιιτοι
734 4728 848 4797 optatu
875 4701 954 4770 ὄντα
979 4701 1171 4791 apostata
1174 4729 1237 4783 re„
1271 4729 1289 4772 o
1319 4709 1377 4773 uir
1404 4729 1455 4784 τις
1482 4697 1556 4779 τούς
