3202 5318
630 332 984 417 innexurunu.
1408 336 1471 415 ssu

144 472 329 557 patrimonii
357 484 480 557 partem
511 474 635 545 mulieri
662 475 810 559 &gando
831 476 1012 561 relinquere
1034 488 1163 559 posset,
1198 476 1278 563 legis
1300 477 1471 543 Voconiae

141 579 350 653 praeceptum
374 568 507 633 alterum
530 571 592 632 hoc
613 568 692 632 tuit·

263 661 322 747 qui
344 674 469 725 eentum
491 662 574 726 milia
597 663 679 727 acris
700 684 813 727 census
835 674 936 737 esset,
960 684 999 726 nc
1022 662 1093 749 quis
1114 663 1187 747 plns
1209 664 1351 747 legaret,
1374 654 1469 751 quam

331 758 371 819 ad
392 758 468 819 hors
471 760 540 819 dem
562 758 739 821 heredesve
760 756 957 840 perveniret.

220 850 755 933 Verrin.1.sa,110:Qu1u⁹
794 852 827 915 si
849 854 930 935 plns
951 850 1093 935 legarit,
1116 874 1221 937 quam
1244 853 1291 915 ad
1315 818 1474 917 heredem

132 946 316 1009 heredesve
334 946 531 1027 perueniat,
564 946 658 1029 quod
676 968 741 1028 per
767 948 878 1030 legem
906 944 1096 1011 Voconiam
1115 947 1149 1011 ei
1173 948 1232 1032 qui
1254 968 1376 1011 census
1402 968 1472 1010 non
1533 967 1538 977 ’

132 1038 181 1119 sit
202 1038 306 1103 deest
340 1038 441 1105 Gaius
461 1038 510 1119 ll.
535 1044 565 1115 §.
589 1039 670 1102 226.
711 1040 788 1103 ideo
811 1051 935 1123 postea
959 1043 1107 1105 intueat
1133 1044 1194 1105 lese
1220 1040 1381 1117 saconia,
1403 1060 1473 1125 qua

134 1144 277 1196 cardum
298 1144 368 1207 eat,
399 1154 441 1198 ne
461 1134 519 1197 cui
535 1136 616 1217 plus
637 1136 834 1217 legatorum
857 1135 995 1196 nomine
1020 1134 1182 1198 mortisue
1206 1156 1315 1198 caussa
1343 1156 1466 1219 cupere

134 1226 271 1301 liceret,
307 1247 414 1311 quam
440 1228 582 1291 heredes
610 1226 1037 1309 caperent.1tacautnm
1063 1240 1148 1305 erat,
1184 1250 1223 1291 ne
1249 1227 1321 1313 qsris
1344 1226 1467 1293 mulieri

134 1320 210 1403 plus
234 1342 329 1405 quam
352 1320 508 1384 dimidiam
532 1319 713 1385 hereditatis
734 1331 855 1403 partem
883 1322 990 1405 legare
1011 1335 1134 1403 posset.
1179 1325 1243 1387 Sed
1258 1320 1473 1407 Quintilianus

138 1414 274 1485 declam.
297 1414 372 1478 261.
396 1416 459 1479 ait:
481 1436 570 1500 quae
589 1418 649 1479 leae
668 1424 783 1476 tamen
805 1414 919 1499 qualis
940 1416 1018 1479 est?
1039 1418 1096 1481 Ne
1113 1416 1214 1479 liceat
1234 1416 1370 1481 mulieri
1390 1418 1472 1499 plus

139 1530 245 1615 quam
269 1508 451 1573 dimidiam
472 1512 612 1593 partem
639 1508 808 1573 bonorum
830 1527 974 1570 snorum
1000 1510 1214 1593 relinquere.
1252 1510 1344 1593 eique
1365 1508 1471 1588 decla·

141 1602 272 1668 sustioui
293 1602 478 1686 inscriptum
503 1614 567 1667 est.
599 1606 710 1667 draus
730 1601 818 1685 legia
842 1602 1034 1665 Voconiae:
1060 1622 1102 1665 ue
1120 1603 1222 1665 liceat
1245 1602 1383 1667 mulieri
1403 1599 1474 1679 nisi

139 1696 322 1761 dimidiam
336 1710 475 1780 partem
496 1698 665 1762 bonorum
687 1695 784 1759 dure.
831 1694 911 1759 Cum
936 1696 1018 1759 enim
1041 1696 1167 1781 quidam
1186 1706 1374 1760 testamento
1393 1698 1471 1757 duas

139 1789 288 1855 mulieres
312 1792 445 1855 heredes
465 1790 669 1865 instituisset,
704 1790 748 1853 its
772 1802 805 1853 ut
827 1791 952 1875 utrique
975 1790 1132 1853 dimidiam
1157 1802 1280 1873 partem
1310 1792 1472 1855 bonorum

136 1882 354 1967 relinqueret,
385 1885 437 1947 alii
459 1886 523 1948 hoc
552 1896 770 1947 testamentum
794 1886 837 1949 ob
858 1886 964 1967 legem
1001 1882 1170 1948 voconism
1192 1883 1312 1947 nullum
1337 1906 1407 1951 esse
1426 1882 1473 1949 di·

137 1978 271 2053 cebant,
295 1978 348 2041 alii
369 1992 479 2043 contra
496 1980 600 2063 legem
618 1979 735 2041 lactum
752 1998 822 2041 esse
837 1981 1009 2062 negabant.
1054 1982 1137 2042 Sunt
1156 1976 1255 2063 igilur
1276 1977 1332 2062 qtti
1346 1986 1471 2061 putent,

137 2070 170 2133 iu
200 2072 275 2155 lege
304 2073 441 2136 voconia
475 2080 695 2156 praeceptum
711 2071 875 2155 singulare
904 2077 942 2135 de
971 2073 1136 2135 mulierum
1163 2071 1277 2155 legatis
1304 2072 1375 2135 scre
1409 2070 1473 2135 lale

135 2164 256 2240 inisse,
279 2187 322 2229 ne
340 2167 418 2250 undu
435 2167 572 2230 snudieri
586 2170 664 2248 ptus
680 2188 783 2250 quam
800 2166 980 2230 dimidiam
991 2177 1129 2249 partem
1143 2165 1312 2230 bonorum
1326 2168 1472 2249 legaret,

138 2259 183 2323 ita
207 2272 241 2321 ut
265 2260 321 2343 qrri
345 2260 423 2323 illud
444 2273 663 2323 testamentum
687 2272 799 2323 contra
824 2260 926 2343 legem
949 2260 1115 2340 vacceiam
1139 2258 1259 2321 factum
1282 2278 1352 2321 esse
1373 2278 1473 2341 nega·

137 2364 230 2429 rent,
251 2354 376 2417 nonnisi
391 2357 454 2418 hec
473 2366 681 2437 pracceptum
696 2366 922 2437 sequerentur,
947 2355 1025 2417 illud
1040 2356 1128 2437 qnod
1142 2364 1227 2415 esset
1248 2355 1285 2415 de
1306 2348 1472 2413 nudiertnn

138 2448 366 2513 hereditatibus
391 2469 449 2529 per
472 2448 615 2511 fraudem
641 2459 782 2511 tacerent
811 2458 842 2510 et
870 2448 1066 2510 omitterent.
1113 2450 1207 2513 Hanc
1229 2444 1324 2507 video
1346 2454 1473 2506 senteu-

141 2540 217 2603 tiam
246 2561 316 2604 esse
345 2541 515 2605 Schradcri
540 2542 683 2625 'l'iilsing.
714 2542 789 2605 krit.
820 2541 981 2604 Zeitschr.
1010 2541 1040 2605 l.
1064 2540 1095 2604 2.
1116 2563 1151 2622 p.
1176 2540 1247 2601 136.
1293 2535 1473 2623 schillingi

144 2636 387 2719 cherlsuugen
412 2639 492 2699 iiber
514 2642 598 2699 riiru.
623 2638 783 2719 Rechtsg.
805 2657 838 2718 p.
864 2638 937 2697 107.
961 2647 992 2697 et
1015 2634 1123 2697 Hassii
1145 2656 1179 2715 p.
1203 2632 1277 2694 201.
1322 2632 1387 2695 Sed
1400 2650 1473 2693 eum

142 2749 189 2799 eo,
207 2730 294 2810 qtrod
322 2751 417 2810 supra
442 2730 534 2812 posui
558 2741 730 2811 praecepto
755 2728 912 2793 conisuuui
944 2730 982 2789 de
1011 2728 1123 2813 legatis
1150 2726 1296 2790 omuibus
1319 2724 1411 2788 etism
1434 2726 1473 2787 de

143 2822 310 2886 mulierum
337 2822 451 2907 legatis
479 2824 556 2887 satis
583 2837 730 2887 scemate
759 2834 789 2886 ct
815 2824 990 2887 luculenter
1016 2823 1248 2904 praecipiatur,
1285 2816 1473 2901 Quintiliani

143 2915 234 2979 troius
250 2916 433 2981 auctoritati
450 2939 514 2982 non
536 2930 654 2980 tautum
679 2931 758 2999 puto
781 2918 979 2979 tribuendum
1003 2940 1084 2992 esse,
1107 2928 1140 2978 ut
1164 2916 1195 2979 in
1213 2908 1288 2999 le'ge
1310 2912 1377 2995 ipss
1394 2912 1474 2975 illud

141 3008 297 3090 scriptum
312 3010 409 3073 luisse
426 3023 583 3092 pulensus.
627 3013 665 3075 Iu
681 3014 845 3077 rhetorum
863 3011 943 3073 enim
963 3012 1081 3073 scholis
1100 3006 1340 3072 controversias
1360 3006 1472 3069 mrtllss

141 3126 259 3187 easque
276 3106 374 3187 magis
390 3106 482 3167 etism
496 3107 588 3167 ruinas
603 3118 635 3169 ct
652 3106 831 3190 singulares
844 3105 1044 3189 exsrogitatas
1061 3126 1130 3167 esse
1144 3104 1214 3187 qtris
1231 3098 1356 3165 nescit?
1369 3100 1473 3163 seuit-

140 3198 258 3281 lingius
279 3198 403 3281 quidem
431 3200 533 3261 attulit
556 3203 594 3262 ad
619 3202 806 3263 senteutiam
828 3222 915 3261 suram
939 3198 1155 3261 stabiliendam
1181 3196 1275 3259 etiam
1302 3194 1471 3261 Ciceronis

143 3294 242 3354 verbs
258 3296 297 3353 de
309 3314 380 3373 rep.
396 3292 460 3357 lli.
477 3297 529 3365 10,
545 3295 601 3354 di:
634 3294 676 3356 de
695 3295 877 3355 mulierum
895 3292 1058 3375 legatis
1072 3305 1105 3355 et
1120 3290 1365 3353 hereditatibus
1381 3300 1413 3351 et
1430 3289 1469 3349 de

143 3385 219 3449 Flu.
242 3386 290 3449 ll.
316 3391 373 3459 17,
396 3388 456 3449 55:
480 3409 583 3471 quam
600 3401 718 3470 posset
740 3388 787 3449 ad
804 3410 881 3449 eam
901 3390 977 3469 lege
1004 3386 1146 3449 sueonia
1168 3385 1360 3467 peruenire.
1409 3382 1473 3445 Sed

144 3489 280 3561 uterque
309 3480 398 3542 locus
430 3484 548 3561 optime
573 3493 678 3561 potest
708 3482 879 3562 explicari,
916 3481 1036 3544 etiamsi
1058 3481 1267 3544 communiter
1290 3490 1409 3541 tautum
1432 3479 1471 3539 de

144 3571 259 3655 legatis
282 3574 431 3636 omnibus
453 3587 656 3656 praeceptum
680 3595 749 3637 csse
771 3586 904 3637 statuas.

233 3668 417 3729 'ferminum
434 3689 450 3729 a
468 3689 532 3752 quo
549 3670 628 3729 hanc
644 3669 746 3749 legem
768 3670 873 3731 valere
888 3670 982 3732 vellet
995 3668 1163 3732 Voconius
1180 3669 1264 3729 iumc
1278 3666 1469 3749 scripserat:

144 3760 205 3843 qui
231 3760 274 3822 ab
302 3764 343 3825 A.
369 3764 546 3825 Postumio
568 3766 608 3845 Q.
630 3763 747 3825 Ftduio
768 3764 966 3825 censoribus
986 3780 1105 3845 postue
1128 3786 1170 3824 ea
1190 3766 1228 3825 C.
1256 3760 1352 3823 milia
1378 3756 1472 3821 aesia

143 3874 267 3917 cencres
289 3867 340 3917 est
362 3857 441 3918 erit.
487 3857 557 3937 Quia
582 3860 676 3918 dere
700 3867 731 3918 et
753 3878 848 3937 supra
872 3858 1005 3919 vidimus
1029 3869 1061 3919 et
1084 3857 1164 3920 inira
1188 3853 1374 3917 videbimus.

230 3946 379 4031 Contigit
404 3950 502 4033 igitur
524 3952 566 4029 Q.
589 3951 761 4024 Voconio,
789 3963 821 4010 ut
843 3972 976 4013 suasore
1004 3952 1055 4013 nt.
1084 3950 1226 4023 Catone,
1250 3947 1338 4009 cuius
1367 3943 1471 4007 oratio

143 4055 454 4105 commemoraturs
478 4042 551 4107 Cic.
574 4046 702 4107 Senect.
727 4046 766 4117 5,
793 4048 858 4119 1‹'s.,
884 4046 990 4109 Gellio
1014 4047 1098 4108 Vll.
1123 4046 1176 4107 13.
1200 4041 1320 4105 xxti.
1344 4040 1376 4103 6.
1400 4040 1470 4115 §.i

141 4146 173 4197 et
196 4136 243 4209 3.,
270 4136 369 4199 Festo
393 4158 426 4217 p.
452 4136 525 4198 233.
550 4138 599 4199 cd.
623 4139 678 4211 L,
704 4139 812 4201 Nonio
835 4160 863 4199 s.
888 4162 921 4199 v.
945 4139 1163 4221 recepticium
1184 4156 1331 4208 seratam,
1356 4130 1471 4197 Seruio

140 4230 180 4291 ad
211 4230 310 4312 Virg.
344 4233 427 4292 Aen.
457 4235 493 4305 1,
524 4230 599 4293 553.
633 4236 680 4303 (ιι.
708 4232 826 4294 Meicr.
855 4232 973 4313 fragur.
996 4246 1079 4294 orat.
1105 4233 1205 4295 lium.
1228 4250 1262 4307 p.
1287 4228 1339 4289 dl.
1365 4229 1470 4308 serp),

138 4322 245 4405 legem
268 4324 444 4404 perferret,
481 4327 537 4386 scd
568 4346 667 4406 neque
699 4336 763 4385 tuus
795 4326 940 4388 oumibus
970 4326 1094 4387 videtur
1125 4321 1278 4405 placuisse
1306 4332 1337 4383 ct
1359 4330 1473 4402 postes

141 4418 225 4478 haurd
255 4416 348 4498 patrui
379 4420 417 4479 dc
449 4417 515 4479 eius
544 4418 707 4501 iniquitate
736 4419 903 4502 conquesti
926 4430 1010 4481 sum.
1043 4420 1081 4481 dc
1105 4416 1247 4498 Republ.
1273 4414 1338 4479 ltt.
1363 4416 1415 4477 10.
1439 4414 1471 4487 §.

142 4514 194 4574 li.
218 4512 260 4572 L.
285 4510 401 4573 Furnius
424 4512 556 4575 Philus:
584 4534 755 4595 „genera‚
780 4514 900 4597 iuquit,
925 4536 1004 4575 uero
1025 4514 1056 4577 ai
1080 4515 1179 4577 uelim
1203 4510 1310 4585 iuris,
1334 4508 1472 4573 iustitu-

142 4616 279 4679 torurn,
304 4627 440 4667 snorum
457 4607 808 4691 consuetudinumque
828 4607 1036 4680 «describere,
1061 4629 1130 4672 non
1152 4612 1253 4675 ruodo
1271 4611 1308 4673 in
1321 4620 1372 4674 tot
1387 4626 1472 4691 gen·

143 4698 238 4761 tiltres
261 4700 376 4774 uaria,
406 4700 467 4764 sed
487 4700 523 4761 in
543 4722 614 4761 ιιιια
633 4701 734 4775 uide,
767 4702 819 4762 uel
839 4700 874 4760 in
897 4701 962 4762 huc
983 4700 1078 4783 ipsa,
1111 4702 1234 4767 millies
1258 4712 1394 4767 mutata
1413 4700 1473 4763 de-

147 4803 354 4855 monstrem:
387 4806 426 4857 ut
453 4798 507 4861 iric
531 4796 619 4859 iuris
647 4806 765 4861 noster
791 4795 962 4876 interpres
983 4796 1055 4859 ulia
1081 4818 1172 4861 nune
1195 4800 1367 4867 Manilius
1391 4796 1473 4859 iuro
