3202 5318
136 305 175 368 72
738 300 889 368 INDEX
971 342 973 349 ι

134 469 192 510 uris
208 468 281 530 pro
310 446 379 510 eive
404 467 438 510 se
465 455 611 530 gereret,
646 443 745 507 luisse
772 443 864 506 eliam
893 443 983 508 aliam
1010 444 1154 529 Papiam
1176 444 1390 530 maiestatis,
1419 457 1456 521 in

133 543 238 607 verbo
260 545 384 627 Παφίῃ
406 553 516 623 posset
537 539 633 602 alludi
656 541 696 601 ad
717 538 801 626 illam
824 540 928 624 legem
957 538 1102 622 Papiam.
1143 539 1178 603 S.

217 639 265 711 Οὔ
296 636 395 702 ταύτό
417 646 453 701 ἐκ
470 640 536 701 νοῦ
556 636 673 710 αὐτοῦ,
701 654 769 698 nou
791 634 882 697 idem
896 656 944 697 ear
966 634 1096 698 eodem.
1125 637 1165 697 ad
1180 636 1251 700 Att.
1269 637 1354 702 XV.
1371 638 1403 715 1,
1423 641 1457 704 d.

219 733 267 797 Οὔ
292 729 529 804 retransito..
574 727 790 811 Supplendum
814 750 855 791 ex
882 725 1048 809 Euripidis
1069 728 1150 791 Ione
1173 727 1230 810 [ν.
1258 730 1356 816 585.]
1379 746 1460 817 φοι.

135 852 222 893 verna
248 831 311 890 reia
333 825 534 911 πραγμάτων
561 823 733 909 πρόσωθεν
757 821 856 888 ὄντων
875 821 1011 905 ἐγγύθεν
1028 825 1057 887 θ’
1080 825 1259 910 ὁρωμένων.
1304 827 1461 892 Nonou·

133 918 340 1011 ‹iamfaeies
353 930 510 1003 apparet,
526 939 604 981 eum
616 939 672 980 res
680 919 805 1000 procul
819 928 899 979 sunt
912 929 943 979 et
960 938 1037 980 eum
1049 939 1161 1000 prope
1175 932 1378 986 cernuntur.
1423 925 1463 986 ad

134 1017 208 1080 Att.
237 1014 341 1078 XIII.
373 1017 432 1090 11,
468 1017 500 1077 1.
555 1014 673 1076 Sensus
701 1021 765 1073 est:
799 1011 876 1074 Non
906 1032 1038 1093 possum
1063 1032 1120 1087 eo,
1156 1033 1221 1098 quo
1243 1025 1337 1091 ante,
1372 1017 1465 1083 voltu

135 1108 270 1184 intueri,
293 1106 350 1170 tibi
377 1100 569 1193 gratificari,
594 1126 664 1169 cum
688 1104 867 1180 didicerim,
890 1104 943 1188 qui
965 1105 1021 1168 sis.
1066 1107 1152 1169 Enu.

195 1204 311 1270 -Oiirm
334 1202 403 1269 aon
425 1207 488 1269 τῶν
513 1201 658 1289 πρόσθεν
679 1200 885 1284 ἐπευθόμεθα
908 1206 986 1265 κλέα
1008 1201 1154 1288 ἀνδρῶν,
1176 1199 1327 1294 Siefers
1341 1221 1462 1270 eorum

134 1297 194 1381 qui
216 1311 295 1361 onte
315 1297 477 1361 aixerunt
499 1296 654 1359 virorum
680 1293 905 1358 audiebamus
926 1294 1058 1357 laudes.
1082 1296 1123 1358 ad
1144 1296 1216 1363 Au.
1239 1297 1325 1362 VII.
1351 1301 1406 1378 11,
1427 1301 1457 1369 3.

134 1393 236 1457 Hom.
261 1392 304 1457 ΙΙ.
329 1421 359 1465 ι,
386 1413 417 1455 v.
439 1391 513 1455 521.

64 1554 69 1565 ,
218 1488 291 1566 0οχ
315 1489 390 1566 ὁσίη
421 1493 642 1570 φθιμένοισιν.
698 1485 737 1546 ad
763 1484 835 1547 Att.
862 1482 927 1547 IV.
955 1484 991 1557 7,
1027 1484 1058 1549 2.
1110 1485 1306 1550 Hexanreter
1332 1487 1458 1576 integer

133 1578 180 1644 sic
198 1582 311 1644 habet:
335 1583 407 1660 Οὗχ
431 1583 506 1659 ὁσίη
531 1587 743 1663 φθιμένοισιν
770 1581 818 1644 ἐπ’
841 1579 1006 1666 ἀνδράσιν
1033 1580 1275 1659 superdueam,
1290 1578 1371 1670 fas
1391 1604 1458 1650 aon

133 1687 186 1739 est
207 1675 291 1740 viris
317 1677 465 1740 mortuis
487 1676 667 1739 insultare.
712 1671 906 1735 Homericus
929 1694 1042 1736 versus
1061 1686 1164 1737 estex
1182 1675 1303 1755 Odyss.
1325 1703 1360 1758 χ,
1385 1677 1456 1743 112.

135 1773 198 1834 Sed
222 1773 307 1853 apud
327 1772 504 1835 Homerum
529 1780 576 1832 est
598 1781 808 1853 κταμένοισιν
831 1769 942 1830 eodem
963 1788 1071 1830 sensu.
1116 1766 1198 1833 Cum
1217 1771 1316 1834 verba
1340 1795 1458 1838 memo·

134 1866 212 1928 riter
229 1865 413 1941 laudantur,
437 1865 531 1929 facile
551 1862 732 1929 huiusmodi
755 1861 829 1945 quid
849 1873 998 1926 mutatur.
1042 1863 1205 1928 Laudavit
1222 1866 1308 1929 herne
1333 1888 1458 1933 versum

135 1957 228 2022 etiam
251 1957 375 2023 Plinius
395 1958 502 2042 Epist.
526 1957 593 2025 IX.
620 1961 652 2020 1.
696 1957 781 2021 Eun.
1376 1960 1391 1973 “
1434 2011 1437 2014 ⁴

216 2039 409 2136 Ὀφιοῦνος,
425 2051 675 2138 Anguitenens,
692 2051 798 2112 Sidus.
817 2050 981 2132 „Propter
994 2063 1088 2134 eaput
1100 2062 1202 2115 autern
1215 2052 1457 2140 Anguitenens:

313 2152 424 2231 Quem
445 2149 542 2211 claro
551 2145 733 2229 perhibent
761 2144 978 2226 Ophiuchum
1005 2146 1141 2210 nomiae
1163 2147 1280 2224 Graii,

292 2263 293 2269 ¹
312 2241 380 2306 Hie
392 2262 518 2325 pressu
535 2239 664 2324 duplici
680 2241 878 2323 palmarum
899 2239 1050 2303 eontinet
1071 2238 1275 2326 Anguem.'‘

134 2335 173 2397 de
196 2335 274 2399 Nat.
298 2334 403 2399 Deor.
427 2335 552 2411 ΙΙ.12,
578 2335 653 2399 100.
698 2332 793 2397 Arati
814 2334 930 2418 fragm.
954 2334 993 2396 12
1016 2345 1046 2396 et
1070 2336 1122 2398 11.
1328 2331 1332 2337 ’

215 2432 432 2515 ’opiparem
461 2450 541 2494 sero
566 2428 753 2504 discentes,
777 2427 850 2492 seri
874 2428 1090 2503 studiorum,
1116 2441 1148 2492 ut
1170 2428 1329 2496 Horatius
1352 2434 1459 2518 appel·

135 2523 179 2586 lat
203 2526 333 2607 [Serm.
357 2525 387 2588 I.
412 2526 470 2600 10,
496 2523 570 2609 21].
613 2523 700 2586 Euu.
751 2525 977 2607 ηὈιῐιιμοιθιῑς
999 2522 1142 2588 homines
1168 2523 1230 2589 seis
1253 2547 1351 2610 qrram
1372 2527 1458 2594 inso-

135 2618 235 2682 lentes
263 2616 368 2682 sint.”
413 2620 452 2680 ad
474 2619 567 2683 Fam.
590 2618 654 2682 IX.
679 2617 737 2692 20,
763 2616 793 2683 2.

763 2791 825 2874 11.

220 2990 360 3072 Πόθος,
393 2991 574 3085 (effeetus,
607 2990 824 3075 perturbatio
860 2991 981 3056 animi.
1034 2993 1166 3073 „Qirare
1198 2998 1378 3062 obduretur
1399 3000 1461 3063 hoe

136 3089 292 3163 triduum,
317 3101 351 3152 ut
370 3099 400 3150 te
422 3108 552 3170 quoque
571 3106 687 3168 ponam
709 3085 741 3147 iu
759 3087 871 3149 eodem
895 3086 1033 3154 πάθει.”
1055 3090 1094 3151 ad
1115 3090 1187 3153 Aa.
1209 3090 1296 3154 XII.
1314 3090 1347 3167 d,
1373 3095 1404 3157 1.
1421 3128 1459 3142 -

137 3184 272 3266 „Itaque
311 3181 475 3264 praeclare
507 3181 626 3255 nostri,
659 3192 694 3242 ut
724 3178 784 3241 alia
815 3180 930 3257 multa,
967 3181 1161 3259 molestiam,
1196 3185 1459 3264 sollicitudinem,

137 3296 309 3359 angorem,
348 3287 484 3358 propter
521 3273 757 3338 similitudinem
791 3294 965 3355 corporum
999 3296 1194 3357 aegrorum,
1230 3278 1460 3364 aegritudinem

136 3368 392 3433 nominaverunt.
436 3369 513 3433 Hoe
539 3365 773 3450 propemodum
801 3369 903 3431 verbo
930 3369 1048 3432 Graeci
1070 3391 1194 3434 ornnem
1218 3372 1310 3436 animi
1335 3387 1460 3458 pertur-

135 3463 296 3527 bationem
326 3462 508 3545 appellant:
538 3473 656 3524 vocant
684 3460 764 3523 enim
792 3460 912 3538 πόθος,
941 3461 971 3524 id
1000 3476 1056 3551 est
1077 3466 1249 3541 morbum,
1280 3469 1460 3556 quicunqne

137 3570 185 3621 est
216 3568 320 3621 motus
353 3558 383 3619 in
417 3557 521 3622 animo
543 3556 709 3618 turbidus:
746 3577 805 3620 uos
829 3556 949 3620 melius.
962 3556 981 3585 ’‘
1031 3560 1304 3637 Tusc.ltt.10,
1336 3563 1390 3629 23.
1419 3598 1459 3612 -

136 3652 235 3735 „Nee
258 3672 336 3715 vero
359 3652 616 3734 perturbationes
639 3650 834 3734 animorum,
860 3672 940 3734 quae
963 3650 1059 3714 vitam
1077 3652 1289 3736 insipientium
1313 3658 1457 3723 miseram

135 3746 346 3831 acerbamque
375 3747 511 3809 reddunt
533 3748 632 3829 (quas
660 3744 777 3808 Graeci
800 3745 889 3824 πάθη
919 3747 1100 3828 appellant,
1136 3760 1279 3830 poteram
1302 3773 1366 3838 ego
1386 3775 1459 3818 rer·

136 3842 210 3904 bum
234 3839 338 3923 ipsum
357 3839 568 3922 interpretans
591 3840 725 3902 morbos
749 3839 930 3921 appellare:
955 3842 1095 3904 sednon
1119 3844 1307 3908 conveniret
1328 3849 1370 3911 ad
1391 3871 1459 3913 om·

136 3933 211 3999 nia:
247 3935 317 4017 quis
342 3934 422 3996 euim
446 3932 694 3996 misericordiam
715 3945 768 3995 aut
790 3932 890 4014 ipsam
914 3933 1106 3998 iracundiam
1129 3939 1274 4001 morbum
1302 3941 1390 4006 solet
1413 3942 1460 4006 di-

36 4058 44 4073 ·
135 4029 234 4093 eere‘?
267 4041 299 4092 at
320 4029 364 4092 illi
388 4027 496 4091 dieunt
520 4029 645 4103 πάθοςι
681 4027 722 4089 sit
745 4026 842 4111 igitur
865 4030 1100 4111 pertarlmtio,
1136 4053 1216 4115 quae
1239 4034 1366 4099 nomine
1389 4035 1460 4119 ipso

135 4124 251 4188 vitiosa
287 4122 442 4185 declarari
472 4121 640 4199 videtur);
674 4142 732 4182 neo
759 4123 816 4183 bae
842 4124 1104 4203 perturbationes
1130 4126 1163 4188 vi
1193 4125 1297 4232 aliana
1326 4127 1462 4192 aeternali

135 4217 347 4283 morentur.'’
392 4219 430 4280 de
453 4215 545 4280 Finn.
568 4216 634 4279 ΙΙΙ.
661 4217 718 4291 10,
751 4216 804 4279 35.
828 4249 868 4261 -
921 4219 989 4291 ,Α.
1022 4219 1163 4285 Videtur
1192 4220 1267 4283 mibi
1292 4224 1409 4288 eadere
1431 4223 1461 4288 in

137 4312 308 4395 sapientem
340 4311 523 4396 aegritudo.
554 4311 606 4374 M.
634 4310 719 4373 Num
748 4309 891 4395 reliquae
914 4332 1043 4396 quoque
1065 4315 1325 4396 perturbationes
1348 4317 1460 4395 animi,

136 4405 344 4480 formidines,
367 4403 530 4481 libidines,
555 4403 759 4468 iracundiae?
781 4406 873 4469 Haeo
896 4406 976 4469 enim
999 4408 1068 4471 lere
1090 4421 1162 4472 sunt
1184 4409 1355 4489 eiusmodi,
1381 4433 1462 4498 quae

137 4500 262 4585 Graeci,
284 4502 373 4580 πάθη
404 4500 581 4583 appellant:
616 4521 678 4584 ego
700 4511 847 4582 poteram
871 4503 1026 4576 moriam
1061 4515 1092 4566 et
1114 4503 1145 4566 id
1168 4505 1302 4568 verbum
1331 4514 1416 4569 esset
1443 4525 1461 4568 e

137 4586 259 4666 verbo}
282 4593 384 4656 sedin
407 4592 667 4660 consuetudinem
690 4605 833 4658 nostram
857 4617 919 4660 non
943 4600 1083 4660 caderet.
1127 4598 1209 4661 Nam
1228 4597 1391 4676 misereri,
1414 4597 1462 4663 in·

134 4685 264 4762 videre,
289 4686 426 4770 gestire,
454 4688 583 4764 laetari,
613 4691 692 4751 haec
715 4688 819 4754 onruia
842 4693 975 4755 morbos
998 4689 1117 4755 Graeci
1139 4692 1323 4777 appellant,
1355 4703 1460 4757 motus

135 4779 228 4844 animi
257 4779 372 4844 rationi
400 4802 463 4846 non
490 4783 767 4866 obtemperantes:
807 4804 867 4849 nos
892 4796 996 4849 autem
1017 4786 1078 4850 hos
1101 4788 1228 4852 eosdem
1255 4797 1360 4852 motus
1383 4806 1460 4852 con·
