3202 5318
552 301 704 369 INDEX
725 301 906 367 LEGUM.
1327 306 1389 370 lld

65 441 156 509 nieltt
177 440 262 517 sein3
286 444 365 505 denn
382 439 467 505 diese
485 441 624 504 Strafart
639 444 781 505 entstand
797 453 862 507 erst
880 442 911 505 in
929 443 985 504 der
1008 441 1080 506 Zeit
1102 445 1157 507 der
1179 445 1388 510 Monarcbie.

63 534 111 601 So
132 535 234 601 bleibt
257 537 355 598 daher
376 536 468 599 wohl
494 534 585 598 keiue
608 538 725 599 andere
748 534 854 599 Strafe
875 535 989 619 iibrig,
1015 536 1060 599 als
1083 538 1389 624 Vermligensstrafe

62 631 128 695 nad
156 628 366 711 Unfnhiglieit
394 651 435 691 zu
465 630 709 706 Ehrenstellen,
745 627 786 692 im
814 631 929 693 Senate
950 653 991 693 zu
1014 629 1079 693 sein
1103 653 1133 693 ιι.
1164 633 1231 717 dgl.
1275 632 1390 698 Diesee

63 722 214 791 Reaultat
239 726 354 787 wlirde
382 726 463 786 dann
494 725 575 791 auch
606 745 689 809 ganz
717 747 758 788 zu
787 726 906 786 andern
936 724 1123 788 Momeuteo
1156 748 1284 808 passen.
1332 729 1391 791 Die

60 816 196 884 letatere
217 818 325 883 Strafe
349 818 484 881 ndmlicb
510 818 549 881 ist
573 819 622 880 die
645 820 701 880 der
720 818 772 881 lex
796 817 875 881 iulia
899 819 938 881 de
965 819 994 881 vi
1015 818 1165 902 priuata.
1212 822 1303 884 Nacb
1321 825 1390 884 dem

60 926 158 977 unten
183 911 474 977 Ansauftibrenden
504 914 582 975 aber
610 915 702 974 nabin
729 915 847 996 gerade
878 911 929 975 die
950 912 1002 975 lex
1029 913 1109 976 Iulia
1134 916 1172 976 de
1199 913 1231 976 vi
1253 914 1394 997 priuata

59 1006 113 1073 die
135 1008 226 1073 Fiille
249 1009 306 1071 der
326 1007 379 1069 lex
403 1006 510 1070 Plotia
534 1005 565 1068 in
587 1003 655 1069 sich
677 1006 750 1082 auf,
774 1008 836 1069 und
858 1009 973 1071 w‘tirde
989 1029 1027 1072 so
1042 1029 1105 1070 nun
1121 1010 1203 1087 auph
1220 1009 1269 1070 die
1285 1006 1392 1071 Strafe

59 1101 119 1167 der
141 1100 195 1166 lex
218 1099 325 1166 Plotia
348 1100 380 1164 in
402 1101 469 1164 sich
492 1100 737 1185 aufgenoumneu
762 1103 875 1164 baben.
906 1180 909 1187 Ι

147 1192 368 1260 conferantur
391 1193 479 1279 leges
500 1193 593 1261 Iulio
614 1205 646 1257 et
668 1196 832 1279 Pompeia
855 1196 896 1260 de
919 1196 964 1260 vi.

279 1356 437 1420 Pnanrta
459 1357 503 1433 (s.
528 1356 678 1433 Puorta)
700 1354 742 1418 de
764 1354 879 1418 reditu
902 1355 1172 1438 Lepidanornm.

151 1476 223 1560 „L.
243 1474 381 1553 Cinnae,
407 1476 518 1540 trxoris
538 1476 647 1549 fratri,
672 1487 704 1540 et
725 1474 780 1562 qui
799 1498 869 1541 cum
893 1498 933 1541 eo
954 1475 1040 1540 civili
1056 1476 1213 1540 discordia
1236 1476 1393 1560 Lepidum

63 1571 168 1637 aconti
189 1583 263 1655 post
286 1591 393 1634 necem
417 1571 558 1637 consulis
580 1573 619 1632 ad
645 1571 822 1635 Sertorium
846 1571 1077 1657 confugerant,
1103 1570 1238 1634 reditum
1264 1571 1293 1634 iu
1317 1571 1395 1635 eiai-

62 1676 163 1730 tatem
184 1664 354 1750 rogatione
373 1665 487 1730 Plotia
505 1665 661 1740 confecit,
687 1665 862 1748 habuitque
885 1665 1006 1750 etipse
1032 1682 1130 1747 super
1152 1686 1188 1728 ea
1210 1686 1247 1728 re
1268 1663 1395 1730 contio·

62 1759 173 1825 nem.'’
203 1761 336 1827 Sueton.
359 1758 455 1825 Caes.
480 1762 511 1824 5.
545 1795 586 1810 —
619 1759 789 1842 „Repperi
811 1772 914 1823 tamen
939 1761 970 1824 in
994 1762 1140 1825 oratione
1163 1758 1205 1825 C.
1231 1757 1393 1834 Caesaris,

62 1876 127 1940 qna
158 1854 333 1920 Plautiam
358 1852 561 1938 rogationem
587 1853 700 1928 suasit,
725 1855 961 1918 necessitatem
985 1854 1099 1918 dictam
1122 1875 1185 1937 pro
1210 1853 1395 1916 necessitu-

61 1947 164 2023 dine,
187 1947 221 2011 id
243 1960 309 2024 est,
334 1949 403 2012 iure
425 1945 616 2013 affinitatis.''
657 1951 700 2012 Α.
725 1948 849 2044 Gellius
872 1949 975 2012 Xlll.
999 1949 1031 2012 3.

48 2088 54 2099 .
147 2044 232 2106 Lata
255 2054 321 2118 est,
351 2063 422 2104 cum
446 2041 488 2107 C.
513 2039 634 2105 Caesar
657 2043 803 2105 tribunus
834 2042 963 2104 rnilitum
995 2054 1094 2117 esset,
1126 2042 1234 2126 utique
1261 2055 1335 2124 post
1362 2063 1392 2105 a.

61 2158 96 2201 n.
121 2158 152 2201 c.
176 2138 251 2201 oto.
276 2156 340 2220 quo
364 2157 447 2199 anuo
468 2135 626 2198 exercitus
648 2137 699 2199 M.
723 2135 839 2218 Lepidi
865 2136 981 2200 mortui
1006 2137 1168 2218 dispersus
1185 2138 1299 2219 partim
1323 2157 1395 2198 cum

62 2230 116 2295 M.
144 2231 312 2313 Perperna
336 2231 366 2295 in
390 2230 576 2317 Hispaniam
599 2234 765 2318 navigarat
785 2233 823 2293 ad
847 2231 1043 2299 Sertoritun.
1086 2233 1137 2295 De
1160 2243 1291 2294 auctore
1314 2228 1395 2315 legis

64 2325 151 2388 baud
172 2337 310 2390 constat.

427 2488 582 2551 Penuria
606 2489 647 2564 (s.
671 2488 818 2567 Pennas)
842 2497 874 2549 et
896 2487 1050 2570 Parrum.

154 2604 262 2683 „Data
283 2619 329 2671 est
351 2607 462 2670 civitas
485 2609 616 2674 Siluani
638 2610 710 2695 lege
730 2621 762 2672 et
784 2607 968 2681 Carbonia,
999 2606 1025 2668 si
1045 2605 1098 2690 qtti
1119 2604 1296 2669 foederatis
1316 2605 1396 2669 rivi·

65 2696 187 2764 tatibus
208 2701 360 2785 adscripti
379 2701 527 2778 fuissent,
552 2704 578 2765 si
600 2714 666 2765 tum
688 2724 758 2764 cum
783 2704 834 2764 lex
854 2701 1017 2764 ferebatur
1036 2700 1066 2762 in
1090 2700 1179 2763 Italia
1202 2699 1393 2763 domicilium

67 2795 272 2872 habuissent,
296 2809 325 2860 et
349 2798 375 2860 si
396 2797 561 2882 sexaginta
581 2796 693 2859 diebus
714 2797 797 2878 apud
813 2806 995 2877 praetorem
1015 2805 1118 2857 essent
1137 2792 1310 2877 professi.”
1333 2813 1394 2878 pro

66 2891 192 2955 Archia
215 2891 253 2965 d,
278 2894 310 2955 t.

152 2984 317 3065 „Silenus
340 2997 370 3048 et
393 2986 504 3052 Carbo
526 3008 595 3050 eos.
617 2986 720 3067 legem
747 2984 905 3060 tulerunt,
935 2995 968 3045 ut
992 3004 1118 3057 omnes,
1144 2980 1327 3066 quiessent
1353 3005 1393 3046 ex

63 3076 242 3142 foederatis
270 3081 416 3161 populis,
452 3081 611 3143 civitatem
635 3081 809 3144 Romanam
834 3089 1124 3161 consequerentur,
1159 3076 1185 3138 si
1213 3081 1308 3143 modo
1336 3080 1391 3145 illo

65 3183 233 3255 ternpore,
265 3194 331 3258 quio
365 3176 415 3238 lex
445 3175 507 3236 lata
536 3186 635 3250 esset,
670 3172 861 3238 domicilium
888 3173 918 3235 in
943 3173 1033 3234 ltalia
1065 3172 1219 3234 haberent
1246 3184 1277 3235 et
1312 3175 1393 3238 intra

64 3266 147 3331 diem
178 3267 408 3352 sexagesimum
438 3268 578 3351 professi
610 3271 692 3351 apud
720 3281 904 3351 praetorem
934 3265 1103 3330 fuissent.’'
1160 3267 1270 3330 Schol.
1305 3270 1391 3335 Bob.

62 3381 142 3446 pag.
167 3360 243 3424 353.

153 3454 236 3517 Lata
266 3467 312 3519 est
343 3460 437 3522 aM.
462 3456 600 3522 Plautio
622 3455 761 3522 Silvano
790 3467 821 3520 et
843 3460 882 3522 C.
905 3454 1047 3539 Papirio
1076 3456 1230 3521 Carbone
1260 3457 1393 3523 tribunis

64 3549 172 3632 plebis
201 3570 233 3612 a.
257 3572 290 3613 u.
307 3554 388 3631 1555.
443 3552 597 3615 Errorem
627 3550 842 3625 Scholiastae,
878 3552 930 3633 qui
958 3552 1089 3612 alterum
1122 3552 1199 3633 legis
1230 3563 1392 3616 auctorem

65 3643 226 3708 &lanum
255 3656 285 3706 et
315 3647 409 3708 ambo
436 3655 554 3709 temere
583 3648 740 3709 consules
769 3645 867 3719 dixit,
904 3646 983 3706 beue
1010 3643 1165 3706 refutavit
1193 3646 1333 3709 Orellius
1363 3646 1393 3709 in

67 3737 221 3802 Eaeursu
244 3741 282 3801 ad
305 3741 497 3804 Archianam
521 3741 551 3802 in
575 3739 742 3805 Ciceronis
766 3741 873 3804 Oratt.
898 3738 1023 3801 selectis
1046 3739 1127 3802 XV.
1167 3739 1392 3805 Turici1836.

64 3853 102 3917 p.
128 3833 191 3896 lbi)
213 3855 304 3920 seqq.

522 3997 701 4060 Poenum
724 3995 765 4059 de
786 3994 929 4058 ambitu.

151 4119 228 4192 ‚De
249 4116 380 4182 ambitu
402 4119 442 4181 ab
466 4121 502 4183 C.
525 4120 674 4184 Poetelio
696 4119 824 4182 tribuno
847 4116 949 4200 plebis
971 4117 1016 4197 (a.
1041 4137 1073 4179 ιι.
1097 4137 1127 4178 c.
1152 4115 1257 4195 395.),
1283 4127 1392 4180 aucto·

61 4209 153 4276 ribus
177 4211 340 4294 patribus,
375 4226 438 4275 turn
462 4214 596 4294 priunum
625 4216 664 4274 ad
686 4213 839 4294 populum
870 4212 964 4273 lattuu
997 4223 1062 4284 est;
1097 4231 1196 4294 eaque
1223 4209 1392 4289 rogatione

63 4328 225 4372 novorum
254 4305 387 4370 maxime
412 4307 572 4370 homiuum
605 4307 826 4381 ambitionem,
863 4305 917 4389 qui
946 4304 1096 4367 nundinas
1127 4315 1157 4366 et
1182 4302 1391 4368 conciliabula

62 4402 157 4466 obire
180 4399 268 4465 soliti
291 4413 395 4479 erant,
422 4423 635 4484 compressam
658 4399 864 4463 credebant.”
909 4398 988 4461 Liv.
1011 4397 1093 4460 Vll.
1118 4398 1170 4460 15.

523 4561 701 4625 Ponreurs
724 4571 753 4622 et
777 4559 934 4622 Paetum.

152 4683 232 4762 ,Eo
254 4703 336 4748 anno
363 4685 410 4765 (ιι.
434 4706 464 4748 c.
489 4683 577 4763 tat.)
599 4681 705 4767 plebei
728 4681 893 4745 Romanae
921 4677 1008 4741 velut
1034 4676 1118 4740 aliud
1144 4674 1263 4742 initinrn
1294 4679 1392 4744 libet·-

68 4777 142 4844 tatia
171 4778 292 4843 factum
320 4790 384 4858 est,
420 4780 508 4865 quod
533 4779 616 4847 necti
642 4777 820 4843 desierunt:
852 4785 1004 4839 mutatum
1030 4785 1132 4838 autem
1161 4772 1209 4838 ius
1234 4775 1277 4838 ob
1301 4775 1391 4838 unius
