3202 5318
626 346 778 413 innox
800 346 981 413 aenum
1401 350 1460 415 us
1537 320 1541 345 '

131 488 263 564 ιιιιΰαι
281 487 348 554 τῶν
364 479 430 555 ὑπὸ
447 510 505 553 eon
490 480 687 555 Σύλλου
675 482 874 554 εκπισόνιωι
889 484 973 574 πρὸς
994 482 1053 566 τὰς
1074 482 1178 575 ἀρχὰς
1194 473 1287 575 ipen·
1309 482 1329 556 6
1350 491 1392 557 et
1413 490 1465 603 τῷ

109 602 175 647 wa
196 582 346 671 flattsp
367 604 419 672 rep
403 581 637 688 Πουπλὲῳ
658 587 729 648 καὶ
751 604 801 673 τῳ
786 576 968 671 Σύλλᾳ
990 580 1041 672 τῷ
1067 582 1279 673 Κορνιιλιῳ
1306 583 1354 675 τῷ
1374 557 1461 669 unt

132 670 268 743 αὑτοῦ
289 646 435 741 dalnis
457 668 502 739 τό
525 647 873 767 reddnleicsixal
889 696 931 739 ru
918 670 1248 761 oppressissent
1263 652 1408 743 idcdou
1422 708 1470 751 -,

134 766 463 853 dalimannum
491 769 530 831 de
552 767 769 832 immutatione
793 768 924 851 loquar,
948 790 1041 851 quam
1067 788 1162 851 supra
1182 763 1214 833 in
1240 768 1361 833 verbis
1369 767 1429 835 ci·
1411 792 1465 835 ϊ

132 860 230 925 rosis
254 860 432 925 faciendam
461 861 582 925 censuri.
625 861 754 926 Scilicet
780 861 975 926 nominativo
999 862 1203 928 Caecilius
1194 884 1224 925 ιιι
1253 868 1466 926 accusativum

133 954 331 1023 caoctttnm
351 959 460 1040 (quem
481 966 563 1019 teste
587 946 730 1021 Gruteco
756 955 873 1019 hahent
895 968 1016 1038 septem
1039 956 1179 1038 codices)
1201 968 1322 1022 n-utato
1347 956 1465 1033 locum,

133 1068 235 1133 quem
256 1061 446 1131 corruptum
465 1061 496 1113 et
513 1071 655 1113 rnancum
677 1054 914 1115 conclamarunt
934 1050 1091 1128 editores,
1117 1053 1194 1115 satis
1210 1050 1366 1138 integrum
1382 1049 1467 1114 schi-

132 1150 224 1207 troe.
269 1142 432 1207 Sententia
456 1143 518 1207 loci
540 1145 618 1207 haec
639 1155 708 1208 est:
731 1145 902 1230 „Uterque
921 1144 1093 1208 laudandus
1115 1154 1182 1208 esta
1206 1145 1341 1227 primunr
1364 1144 1466 1220 Sulla,

135 1238 228 1321 qlod
260 1232 437 1303 Caecilium
464 1238 688 1319 reprehendit3
721 1236 833 1301 deinde
860 1237 1034 1314 Caecilius,
1068 1238 1217 1323 quioniam
1243 1261 1305 1307 non
1330 1239 1467 1306 iudicum

135 1328 344 1405 mutiam,
368 1332 423 1394 aed
448 1331 530 1418 legis
558 1331 665 1395 vitium
689 1331 910 1417 corrigebar?
953 1333 1045 1414 (lurae
1067 1332 1221 1398 adverbio
1242 1336 1394 1417 primum
1415 1356 1468 1398 rs-

134 1426 301 1507 sposdere
314 1425 452 1488 debehat
470 1425 622 1508 particula
646 1425 786 1501 deinde,
810 1447 846 1488 ea
870 1422 1113 1506 caraxaturam
1133 1427 1249 1492 omissa
1266 1441 1315 1493 est
1333 1440 1469 1513 propter

136 1516 348 1603 parenthesin
367 1521 489 1584 Status
502 1519 595 1582 enim
608 1552 651 1567 --
667 1518 839 1605 relinquat
845 1542 856 1583 .·
877 1542 970 1606 quiam
987 1522 1054 1585 laus
1070 1520 1201 1587 Caecilii
1219 1522 1337 1605 excipit
1357 1520 1468 1603 paullo

136 1610 234 1675 aliter
254 1622 352 1697 atque
373 1625 638 1695 exspectaverat,
670 1624 704 1676 ut
727 1614 926 1680 excusationi
948 1615 1094 1680 similior
1108 1614 1149 1680 sit
1171 1638 1265 1702 qrrarn
1292 1615 1385 1682 laudi.
1428 1614 1468 1681 ln

134 1706 347 1791 mouentibus
368 1705 554 1798 auferebat
574 1728 638 1771 non
661 1718 710 1771 ιιι
731 1708 942 1793 abrogabat,
967 1712 1023 1773 sed
1044 1731 1138 1775 sensu
1160 1708 1298 1794 proprio
1317 1709 1466 1786 tollebat,

135 1800 209 1865 scil.
234 1802 275 1865 de
296 1799 464 1867 damnatis.
501 1800 558 1866 Gi.
582 1812 684 1866 tamen
708 1802 849 1867 Orellius
871 1803 904 1867 io
927 1802 1006 1868 edit.
1029 1804 1111 1895 XV.
1136 1816 1233 1870 oratt.
1256 1826 1291 1890 p.
1311 1804 1385 1870 987.

535 1958 727 2026 Caecinae
749 1962 791 2026 de
812 1962 875 2029 an.
897 1962 1074 2046 Pompeio.

225 2085 297 2166 ,0.
325 2084 490 2150 Metellus
518 2085 639 2167 Nepos
663 2086 810 2149 tribunus
835 2085 939 2168 plebis
964 2088 1009 2165 (a.
1035 2107 1068 2149 u.
1092 2086 1181 2167 691.)
1205 2107 1276 2151 cuna
1300 2087 1470 2174 plerasque

135 2174 227 2263 leges
251 2198 312 2259 per
330 2177 517 2243 seditionem
540 2177 656 2256 ferret,
681 2192 712 2242 ιι
735 2179 906 2262 praecipue
925 2183 1022 2253 duas,
1047 2202 1158 2258 cuoarn,
1182 2193 1220 2245 ut
1245 2182 1365 2246 absens
1390 2202 1470 2247 con·

138 2274 196 2337 sat
214 2273 281 2337 Cn.
306 2272 488 2356 Pompeius
505 2270 633 2350 sceret,
657 2284 802 2355 ternpore
826 2272 947 2337 scilicet
971 2272 1181 2338 Mithridatici
1202 2275 1297 2351 belli,
1321 2279 1407 2362 qruod
1429 2277 1470 2341 ab

141 2368 256 2431 ιοδιιιι
286 2365 445 2448 Pompeio
474 2370 664 2449 gerebatur,
692 2378 723 2429 et
748 2367 897 2441 alteram,
932 2379 969 2430 ut
988 2368 1167 2451 praecidio
1191 2369 1314 2436 Italiae
1342 2371 1473 2434 ueniret

138 2458 310 2523 dracmas
336 2480 440 2524 arma
466 2460 648 2534 Catilinae,
683 2471 794 2523 contra
825 2460 904 2523 dixit
933 2459 962 2523 ci
990 2462 1142 2545 pleraque
1170 2462 1318 2526 nobilitas
1343 2476 1375 2526 et
1401 2462 1470 2546 ipse

139 2552 191 2619 set
210 2554 350 2617 maxime
368 2554 495 2639 collega
519 2575 594 2618 suus
617 2553 722 2628 Cato,
746 2575 818 2617 cum
842 2565 946 2617 tamen
968 2553 1012 2620 C.
1037 2554 1160 2621 Caesar
1179 2567 1312 2637 praetor
1332 2555 1470 2621 Metello

137 2648 273 2713 tribano
294 2647 397 2731 plehis
417 2647 620 2713 adsisteret.''
664 2647 777 2713 Schol.
797 2649 884 2713 liob.
908 2670 970 2731 pro
990 2649 1095 2714 Sestio
1115 2670 1149 2731 p.
1167 2648 1243 2713 302.
1288 2646 1386 2714 Conl‘.
1403 2648 1469 2715 Dio

139 2738 273 2809 emim
292 2742 485 2807 xxxvtl.
506 2742 559 2807 13.
583 2740 751 2809 Plutarchi
776 2738 862 2811 Cato
885 2744 961 2808 min.
984 2766 1015 2807 c.
1037 2744 1078 2807 26
1101 2765 1194 2829 seqq.

627 2901 795 2968 Cercius
818 2914 850 2967 ιι
872 2903 990 2969 Drom-

223 3023 318 3103 ,uni
343 3026 397 3089 lex
420 3026 571 3091 Caecilia
592 3037 624 3089 et
649 3026 785 3091 Didia?
819 3025 871 3089 uhi
895 3026 1111 3112 promulgatio
1138 3026 1252 3090 trinum
1275 3024 1468 3089 nundinum?

140 3117 197 3185 ahi
214 3139 343 3207 poena,
372 3121 494 3183 recenti
523 3121 594 3205 lege
620 3121 710 3184 lunia
742 3132 773 3183 et
797 3119 946 3184 Licinia?
978 3134 1152 3202 possuntne
1180 3122 1239 3183 hae
1267 3122 1353 3206 leges
1380 3133 1469 3183 ratas

141 3234 211 3281 asse
231 3214 304 3279 sine
322 3213 453 3277 interitu
471 3215 578 3299 legum
602 3214 848 3299 reliquarum?”
870 3214 1014 3296 Philipp.
1034 3218 1079 3277 V.
1097 3216 1133 3291 3,
1157 3217 1190 3279 8.
1278 3216 1356 3288 ,si,
1379 3215 1467 3298 quod

141 3306 172 3373 is
191 3307 314 3374 ceteris
337 3307 462 3392 legibus
485 3307 600 3371 trinum
623 3309 791 3372 nundinum
816 3330 886 3372 esse
912 3321 1059 3391 oportet,
1084 3309 1115 3372 id
1141 3308 1172 3372 in
1198 3310 1370 3392 adoptione
1392 3308 1467 3371 satis

142 3416 188 3469 eat
202 3403 302 3467 trium
322 3423 392 3466 esso
409 3403 579 3477 horarum,
603 3403 679 3466 nihil
694 3405 909 3484 reprehendo.
955 3404 1009 3466 Sin
1030 3405 1137 3466 eadeur
1159 3405 1356 3468 obseruanda
1381 3415 1465 3478 ιιιιιι,

141 3496 166 3561 si
193 3496 339 3561 demerit
359 3509 502 3572 senatus,
538 3498 592 3561 M.
620 3497 718 3560 Drusi
744 3496 886 3582 legibus,
912 3518 994 3580 quiae
1021 3508 1131 3561 contra
1155 3498 1259 3579 legem
1285 3497 1469 3562 Caeciliam

142 3601 173 3654 et
194 3591 343 3657 Didiam
364 3591 444 3653 latae
466 3602 588 3664 essent,
615 3594 769 3675 populum
793 3613 857 3657 non
879 3590 999 3654 teucri:
1031 3590 1092 3653 iam
1115 3590 1281 3675 intelligis,
1305 3590 1390 3653 omni
1412 3612 1469 3675 ge·

142 3702 219 3749 sere
242 3683 343 3759 iuris,
376 3687 462 3768 quod
486 3684 517 3747 in
540 3686 654 3760 sacris,
685 3689 772 3772 quod
794 3686 825 3749 in
848 3684 1011 3767 aruspiciis,
1037 3687 1124 3768 quod
1145 3683 1177 3747 in
1199 3685 1324 3769 legibus
1346 3685 1405 3759 sit,
1436 3696 1468 3747 te

142 3777 304 3843 ιιὶιιιιιιιιιιι
329 3778 434 3862 plebis
458 3798 524 3842 aon
551 3778 679 3847 luisse.”
723 3801 784 3863 pro
805 3782 902 3843 domo
926 3780 983 3855 16,
1009 3781 1063 3840 11.
1086 3821 1129 3833 -
1158 3778 1286 3859 „Quum
1314 3798 1382 3840 non
1407 3789 1468 3839 tam

143 3873 304 3945 adnitor,
335 3875 423 3956 quod
448 3893 547 3935 meam
575 3874 676 3958 legem
705 3887 903 3949 contemnat,
939 3872 1072 3938 hominis
1097 3870 1229 3944 inimici,
1262 3890 1357 3956 quiam
1383 3871 1470 3953 qttod

143 3988 175 4031 se
194 3967 310 4032 statuit
327 3966 457 4031 omnino
472 3967 671 4031 consularem
693 3967 796 4052 legem
817 3967 931 4032 nullam
948 3980 1072 4050 putare.
1115 3965 1298 4031 Caeciliam
1316 3961 1469 4037 atatam,

144 4060 304 4127 Liciniam
336 4060 456 4124 limiam
480 4059 607 4142 [Malim
632 4082 703 4122 cum
733 4061 891 4127 Lamhiuo
917 4061 1097 4128 Caeciliam
1126 4071 1165 4124 et
1194 4058 1352 4133 Didiam,
1380 4054 1472 4120 Lici·

144 4249 325 4315 Scholiasta
351 4248 762 4330 Bohieusi1conternpsit.”
806 4271 867 4332 pro
891 4250 997 4315 Sestio
1023 4250 1084 4324 61,
1111 4249 1183 4311 135.
1207 4278 1248 4289 -
1270 4243 1473 4317 „Caeciliam

144 4355 172 4407 et
195 4340 360 4423 Didiam]
383 4363 465 4424 quse
488 4342 617 4405 iubebat
643 4342 673 4405 in
700 4343 939 4428 promulgandis
961 4341 1084 4426 legibus
1108 4340 1322 4404 trinundinum
1349 4350 1474 4419 tempus

143 4435 348 4501 obseruari.'’
393 4436 504 4500 Schol.
530 4437 616 4500 Bob.
641 4455 702 4517 pro
723 4435 829 4500 Sestio
852 4456 885 4519 p.
910 4437 985 4499 310.
1007 4469 1047 4480 -
1070 4434 1240 4510 ,Festive,
1267 4431 1473 4507 mihicrede,

143 4542 172 4593 et
192 4531 323 4595 minore
345 4531 470 4607 sonitu,
495 4551 588 4613 quam
611 4543 778 4612 putaram,
802 4530 890 4592 orbis
909 4530 961 4591 hic
974 4527 1006 4590 in
1023 4548 1060 4590 re
1074 4527 1201 4610 publica
1217 4539 1264 4590 est
1277 4546 1474 4591 conversus:

143 4624 235 4689 citius
258 4622 410 4700 omnino,
443 4644 536 4729 quam
559 4623 720 4708 oportuit,
753 4623 845 4705 culpa
869 4621 1021 4697 Catonis,
1056 4622 1112 4684 sed
1134 4641 1245 4684 rursus
1271 4618 1476 4705 improbitate

142 4716 302 4794 istorum,
327 4717 382 4803 qui
405 4716 564 4800 aruspicia,
586 4717 642 4802 qui
668 4717 793 4781 Aeliam
814 4718 938 4823 legem,
963 4712 1154 4799 qrailuniam
1173 4724 1206 4777 et
1223 4712 1398 4788 Liciniam,
1421 4711 1477 4798 qui

144 4812 335 4879 Caeciliam
363 4822 396 4874 et
426 4811 569 4876 Didiam
601 4811 830 4897 neglexerant,
867 4810 924 4891 qrri
958 4808 1062 4876 omnia
1091 4806 1229 4873 remedia
1257 4809 1305 4872 rei
1305 4806 1476 4951 ¹⁰puhlicae

214 4911 349 4963 Csemast.
385 4910 439 4957 cic.
460 4910 505 4957 ιιι.
