3202 5318
515 323 729 388 SENATUS
752 322 1016 391 CONSULTA.
1365 333 1427 410 tea

97 474 128 525 et
159 460 201 527 C.
230 439 433 542 Pomptinius
454 471 639 543 praetores,
667 464 774 542 quod
797 482 935 525 eoru·
959 484 1084 546 opera
1107 465 1207 528 lorti
1229 450 1426 557 fidelique

97 574 191 617 usus
211 573 353 627 essem,
377 555 491 616 merito
506 573 544 631 ac
559 552 628 615 iure
645 554 827 625 laudantur3
851 565 945 636 atque
962 557 1053 617 etiam
1071 557 1142 620 viro
1158 556 1253 632 lorti,
1277 556 1432 646 colle'flac

96 666 186 718 meo,
211 645 279 706 laus
301 643 501 725 impertitur,
534 646 636 726 qstod
659 665 750 717 eus,
776 645 842 726 qssi
864 645 982 707 huius
1004 648 1313 716 coniurationis
1333 673 1423 734 par·

94 737 245 818 ticipes
272 736 467 811 lusissent,
501 756 517 798 a
549 734 632 798 suis
659 748 695 797 et
725 757 742 796 a
773 735 834 797 rei
863 738 1053 816 publicae
1083 740 1275 804 consiliis
1297 763 1423 809 resne·

95 830 239 893 visset.
267 830 377 909 Atque
392 828 433 889 ita
459 839 672 900 censuerunt,
696 838 736 888 ut
758 829 801 889 P.
827 828 1039 905 Lentulus,
1064 851 1145 892 cum
1167 851 1207 893 se
1229 845 1421 912 praetura

93 921 344 994 abdicasset,
370 930 447 982 turn
471 919 510 982 in
533 919 755 984 custodiam
778 922 1032 994 traderetur:
1056 920 1194 1005 itemque
1217 918 1261 985 uti
1284 923 1327 990 C.
1351 924 1421 991 Co.

94 1015 263 1097 thegus,
286 1013 331 1075 L.
355 1011 567 1086 Statilius,
591 1012 633 1073 P.
659 1010 878 1086 Gabinius,
904 1012 958 1095 qiu
981 1033 1091 1075 omues
1114 1026 1297 1094 praesentes
1319 1026 1433 1097 erant„

93 1104 130 1167 in
158 1103 386 1169 cststodiam
416 1106 702 1174 traderentur:
732 1115 829 1185 atque
855 1103 936 1165 idem
962 1106 1025 1166 hoc
1049 1107 1210 1167 decretum
1240 1117 1288 1168 est
1316 1106 1349 1167 in
1375 1107 1422 1170 Ι..

93 1197 260 1271 Casaisun,
285 1196 340 1279 qui
358 1195 419 1258 sibi
435 1195 694 1277 procurationem
714 1196 925 1259 incendendae
941 1196 1028 1259 urbis
1047 1200 1300 1277 depoposcerat,
1323 1196 1355 1258 in
1369 1197 1422 1263 M.

94 1288 303 1368 Caeparium,
327 1288 378 1351 cui
392 1290 434 1350 ad
448 1289 667 1350 sollicitandos
690 1298 836 1367 pastores
861 1289 1009 1366 Apuliam
1032 1309 1101 1350 esse
1122 1289 1338 1362 attributam,
1353 1299 1423 1351 erat

92 1380 280 1452 indicatum:
316 1380 346 1443 in
371 1382 413 1444 P.
440 1379 587 1455 Fssrium,
610 1423 632 1438 .
653 1420 675 1435 -
703 1379 734 1441 in
762 1381 805 1458 Q.
829 1379 986 1441 Manlium
1015 1378 1205 1453 Chilonem,
1229 1422 1251 1437 .
1272 1421 1294 1436 .
1321 1379 1354 1443 in
1376 1383 1420 1444 P.

92 1473 308 1543 Umbrenum,
333 1471 513 1534 libertinum
540 1471 718 1544 hominem,
750 1492 767 1532 a
796 1492 861 1551 qtso
885 1471 1020 1551 primum
1045 1472 1159 1536 Gallos
1181 1473 1221 1533 ad
1250 1471 1420 1545 Gabinia·

91 1565 266 1645 perductos
283 1582 354 1625 esse
370 1565 548 1626 constabat.
570 1605 591 1622 .
612 1604 634 1619 .
657 1564 765 1643 Atque
785 1564 879 1624 etiam
896 1563 1090 1643 supplicatio
1111 1563 1169 1624 diis
1191 1563 1421 1627 immortalibus

92 1677 156 1737 pro
171 1652 324 1738 singtdari
341 1676 452 1719 eorsum
479 1654 593 1717 merito
614 1674 686 1718 meo
701 1654 828 1715 nomine
850 1656 977 1715 decreta
997 1663 1065 1721 est,
1089 1695 1109 1709 .
1132 1695 1153 1710 .
1176 1666 1207 1714 et
1227 1653 1275 1714 his
1295 1656 1420 1719 decreta

92 1748 203 1813 verbis
223 1758 291 1821 est,
315 1749 577 1830 quodurbem
593 1745 815 1821 incendiis,
834 1743 1100 1818 eaedecives,
1122 1743 1287 1809 ltaliam
1309 1745 1420 1810 bello

89 1840 348 1902 liberassem.
393 1835 491 1901 Catil.
514 1839 552 1912 3,
578 1839 614 1912 6,
641 1839 681 1899 tt
703 1859 774 1920 seq.

178 1931 217 1994 ln
238 1929 317 1994 actis
338 1929 477 2010 publicis
507 1928 650 2016 cognovi
679 1929 779 2008 pridie
808 1930 885 1993 Kal.
917 1928 1057 1993 Martias
1079 1929 1115 1992 S.
1139 1926 1181 1992 C.
1208 1949 1277 1993 esse
1303 1928 1421 2005 sactsun

93 2023 136 2087 P.
169 2019 308 2086 Clodii
337 2023 497 2083 caedem
528 2032 564 2082 et
594 2019 821 2082 incendium
849 2020 984 2083 curiae
1015 2033 1051 2083 et
1074 2022 1420 2103 oppugnationem

93 2114 247 2176 aedium
276 2113 331 2177 M.
360 2112 509 2194 Lepidi
538 2123 679 2176 coutra
707 2132 786 2173 rem
810 2113 1014 2192 publicam
1037 2112 1196 2175 laetam.
1240 2112 1364 2177 Ascon.
1384 2112 1420 2177 in

93 2205 213 2270 Milon.
237 2227 272 2287 p.
296 2207 348 2268 dl.
370 2203 457 2268 Bait.

178 2297 354 2363 Decretum
372 2308 420 2358 est
436 2297 525 2379 leges
540 2297 593 2359 M.
616 2293 701 2357 Livii
719 2293 818 2357 Drusi
840 2307 981 2357 contra
1005 2296 1183 2376 aruspicia
1210 2318 1296 2360 esse
1319 2298 1420 2359 latas

92 2402 221 2463 neone
242 2388 294 2462 iis
316 2387 450 2451 teneri
471 2387 677 2469 populum.
712 2388 847 2450 Ascou.
872 2386 901 2447 in
926 2385 1063 2451 Cornel.
1086 2410 1121 2468 p.
1146 2388 1199 2450 68.
1223 2388 1309 2459 Bait.
1413 2441 1418 2455 .

178 2480 215 2544 S.
240 2478 279 2546 C.
302 2491 350 2542 est
371 2480 508 2543 lactum:
541 2479 696 2558 Quibus
720 2477 913 2540 desertis
936 2479 1285 2561 tectiscognitura
1310 2479 1421 2545 etia·

93 2570 271 2635 dicatum
304 2593 382 2636 non
413 2583 538 2646 esset,
575 2570 634 2632 uti
664 2570 705 2633 C.
737 2572 895 2633 Verres
925 2571 966 2632 P.
1005 2570 1169 2635 Caelius
1204 2583 1420 2652 praetores
1503 2564 1514 2577 ’

91 2678 395 2746 cognoscerent
416 2676 452 2727 et
474 2663 721 2725 iudicarent.
769 2663 867 2724 Verr.
893 2664 1016 2725 Aecus.
1041 2665 1077 2737 1,
1102 2665 1159 2738 50,
1186 2664 1259 2727 130.

177 2757 357 2821 Sententiae
388 2756 590 2819 dicebantur:
629 2753 725 2819 Cum
760 2753 954 2817 Sthenius
987 2756 1130 2817 absens
1164 2776 1255 2819 reus
1287 2757 1419 2819 laetus

92 2859 219 2921 esset,
254 2850 300 2911 de
329 2850 497 2913 absente
532 2847 727 2909 iudicium
757 2847 909 2909 nullum
943 2847 1043 2911 lieri
1077 2848 1261 2928 plaeere,
1296 2858 1351 2921 et,
1387 2845 1421 2909 si

92 2943 199 3023 quod
221 2953 328 3004 esset
351 2936 585 3012 lactusn,'id
607 2949 732 3000 ratum
756 2959 845 3001 esse
868 2961 943 3002 non
966 2940 1144 3019 placere.
1179 2940 1280 3001 Verr.
1298 2939 1419 3001 Aecus.

91 3031 130 3107 2,
156 3032 215 3106 39,
245 3033 298 3095 95.

178 3124 345 3186 Senatus
375 3121 603 3185 consultum
638 3123 940 3200 Syracusanum.
987 3121 1141 3185 Refertur
1169 3124 1208 3183 de
1236 3123 1419 3184 Peducaeo.

92 3213 137 3276 Ut
155 3213 290 3298 qssisque
311 3225 417 3277 aetate
440 3224 471 3276 et
491 3214 618 3274 honore
640 3215 863 3287 antecedebat,
888 3213 929 3274 ita
945 3213 1128 3275 sententiam
1147 3212 1224 3273 dixit
1240 3233 1281 3274 ex
1297 3212 1421 3274 ordine.

93 3305 131 3366 ld
157 3308 237 3368 adeo
263 3328 302 3367 ex
326 3305 399 3386 ipso
423 3305 700 3366 senatusconsulto
724 3304 931 3386 cognoscite:
956 3326 1025 3367 uam
1050 3303 1227 3385 principum
1249 3302 1420 3366 sententiae

92 3395 248 3475 perscribi
260 3397 377 3459 solent.
397 3395 525 3460 Recita.
545 3396 660 3473 Quod
675 3396 1417 3460 verbalactasuntdeSex.Peducaeo.

97 3485 196 3560 Dicit,
209 3487 265 3569 qssi
276 3489 370 3567 primi
382 3486 549 3551 suaserint.
569 3487 770 3551 Decernitur.
781 3487 938 3550 Refertur
951 3488 1062 3551 deinde
1075 3491 1112 3551 te
1125 3488 1164 3552 C.
1172 3489 1288 3553 Verre.
1305 3488 1423 3565 Quod

92 3580 218 3639 verba
240 3578 350 3640 lacta
372 3590 464 3640 sunt
485 3581 528 3640 de
553 3576 595 3641 C.
620 3580 768 3641 Verre.
814 3577 906 3642 Cum
930 3592 1121 3661 surgeret
1150 3579 1273 3641 nemo
1291 3599 1417 3656 ncqtse

91 3670 333 3732 sententiam
363 3670 531 3742 diceret,
568 3690 657 3732 sors
692 3669 869 3732 ducitur.
926 3671 1059 3730 Senatus
1094 3669 1271 3731 consultum
1298 3664 1421 3757 facium·

91 3770 140 3821 est
165 3759 344 3824 huiusmodi
370 3760 578 3824 laudationis:
618 3761 732 3840 Quod
756 3761 788 3822 is
813 3759 942 3840 virgis
966 3760 1154 3821 neminem
1178 3757 1417 3829 cecidisset:

92 3853 195 3934 quod
219 3851 445 3935 vigilanter
467 3851 721 3933 provinciam
745 3851 1085 3923 administrasset:
1120 3850 1224 3933 quod
1247 3849 1415 3928 praedo·

92 3963 159 4003 aes
181 3944 325 4022 procul
349 3945 394 4004 ab
417 3942 548 4006 insstla
571 3942 711 4006 Sicilia
735 3940 1019 4023 prohibuisset
1043 3941 1209 4002 Verres.
1255 3939 1415 4002 Cicerone

90 4045 203 4115 postea
226 4035 392 4111 Syracusis
416 4038 549 4115 degente
573 4036 785 4096 decreverunt
808 4033 920 4095 iidem:
953 4032 1001 4094 Ut
1024 4053 1104 4091 cum
1128 4031 1143 4093 l
1148 4041 1259 4092 ratre
1282 4032 1326 4091 L.
1349 4031 1416 4093 he·

89 4125 252 4205 spitiusn
276 4125 441 4206 publice
463 4124 601 4197 lieret:
626 4135 664 4186 ut
688 4123 895 4196 laudatio,
921 4143 1021 4204 quiae
1045 4121 1086 4184 C.
1111 4121 1232 4182 Verri
1256 4123 1415 4207 decreta

89 4226 221 4289 esset,
245 4216 485 4279 tolleretur.
531 4216 633 4276 Verr.
658 4217 779 4277 Accua.
804 4217 842 4286 l,
868 4215 927 4284 bl,
954 4214 1013 4275 113
1036 4235 1129 4294 seqq.

175 4309 264 4386 Quas
296 4310 340 4370 ob
370 4329 442 4380 res,
477 4308 563 4387 qtrod
597 4305 714 4368 tribuni
748 4305 848 4386 plebis
884 4307 980 4367 verba
1015 4306 1174 4376 lecerunt,
1212 4302 1254 4363 uti
1285 4313 1413 4371 senatus

88 4397 242 4462 Kalendis
262 4398 418 4461 ianuariis
437 4410 506 4459 tuto
522 4396 651 4471 haberi,
675 4397 911 4476 sententiaeque
927 4399 965 4458 de
983 4415 1101 4457 stenima
1123 4393 1296 4473 republica
1313 4393 1413 4461 libere

88 4489 149 4552 diei
167 4489 309 4571 possint:
332 4491 371 4552 de
390 4511 478 4552 care
497 4489 539 4550 ita
557 4509 693 4551 censeo:
719 4489 788 4552 Uti
810 4487 852 4550 C.
877 4490 1024 4560 Pansa,
1052 4491 1091 4549 A.
1115 4484 1294 4556 Hirtius,
1319 4506 1411 4548 eon·

86 4581 197 4644 sules
219 4581 441 4664 designati,
468 4583 561 4642 dent
585 4599 765 4659 operam,
790 4579 849 4641 uti
871 4590 1032 4640 senatus
1056 4576 1250 4639 Kalendis
1273 4577 1410 4640 lenus·

87 4671 164 4736 riis
187 4683 274 4736 tuto
297 4672 435 4736 haberi
457 4671 610 4754 possit:
649 4673 834 4754 quodque
864 4669 1035 4731 edictum
1060 4668 1105 4731 D.
1129 4667 1266 4743 Bruti,
1295 4667 1410 4750 impe.
