3202 5318
338 1044 566 1153 INDEX
610 1046 1269 1157 GRAECO-LATINUS.

778 1559 824 1635 Α.

205 1706 472 1800 ’.ήθὸηριτικόη
494 1712 750 1795 Abderiticuna,
772 1717 934 1793 stultum,
965 1717 1053 1801 quod
1073 1715 1251 1781 Abderitae
1272 1716 1389 1802 stupidi
1410 1741 1470 1805 pu·

130 1810 294 1877 labantur.
320 1812 362 1873 ad
384 1810 457 1873 Art.
480 1808 564 1873 vlt.
590 1812 622 1885 7,
646 1810 680 1875 l.
725 1805 729 1813 ’

208 1900 423 1991 'alfini-ieta,
455 1903 666 1968 innocentia.
709 1902 848 1977 ,Omnis
884 1903 965 1967 enim
1003 1903 1209 1983 abstinentia,
1244 1907 1346 1975 omnis
1377 1910 1474 1977 iuno·

134 2000 231 2066 centia
248 2020 393 2085 -quae
414 2001 499 2083 apud
521 2000 667 2064 Graecos
690 1994 839 2062 usitatum
861 2017 977 2063 nomen
999 2000 1117 2063 nullum
1140 2002 1252 2081 habet,
1274 2004 1333 2069 sed
1351 2005 1472 2071 babere

135 2106 239 2177 potest
263 2088 474 2181 ἀβλάβειαν
506 2116 577 2156 uam
600 2106 647 2157 est
668 2091 850 2159 innocentia
871 2092 1000 2157 affectio
1021 2092 1094 2155 talis
1117 2095 1225 2172 animi,
1255 2117 1337 2181 qutae
1359 2110 1475 2163 noceat

138 2188 251 2253 neaniai
272 2220 318 2235 -
340 2186 482 2273 reliquas
503 2189 595 2251 etiam
619 2187 756 2253 virtutes
776 2186 945 2273 frugalitas
966 2186 1144 2252 continet.’'
1167 2192 1268 2254 Tusc.
1284 2190 1352 2255 111.
1368 2192 1401 2267 8,
1420 2192 1472 2259 16.

210 2280 443 2369 ’Apelaurum
464 2304 593 2366 expers
615 2284 721 2347 risus.
771 2282 842 2357 „Ar
861 2282 927 2345 hoc
945 2276 979 2343 in
1001 2301 1042 2347 eo
1064 2283 1117 2346 M.
1142 2282 1282 2360 Crasso,
1307 2310 1399 2372 quiem
1423 2311 1474 2352 se·

139 2377 196 2442 nel
218 2379 262 2442 ait
285 2377 318 2440 in
344 2376 408 2441 vita
430 2374 539 2440 risisse
555 2377 716 2451 Lucilius,
742 2396 807 2441 non
830 2373 985 2461 contigit,
1008 2386 1096 2459 uttea
1112 2398 1147 2439 re
1163 2378 1262 2443 minus
1277 2377 1474 2463 ἀγέλαστος,

139 2484 171 2537 ttt
190 2472 236 2537 ait
255 2472 362 2547 idem,
389 2470 594 2535 vocaretur.’'
625 2473 664 2535 de
687 2470 781 2536 Fino.
803 2470 851 2534 V.
873 2468 933 2547 30,
957 2468 1012 2533 92.
1035 2469 1160 2533 Plinius
1183 2474 1268 2539 Hist.
1289 2476 1368 2539 Nat.
1393 2476 1476 2541 vlt.

141 2567 195 2631 tt:
219 2564 363 2640 ,Ferunt
394 2564 566 2642 Crassum,
600 2586 693 2628 avum
725 2563 838 2630 Crassi
865 2562 897 2628 in
918 2562 1050 2627 Parthis
1082 2563 1280 2651 interempti,
1314 2588 1477 2657 uunquam

141 2660 262 2738 risisse,
287 2661 332 2724 ob
355 2659 387 2723 id
408 2662 615 2745 Agelastum
638 2656 822 2723 vocatum.”

217 2750 461 2841 Ἀγοητεύτως,
482 2754 632 2831 uincere,
657 2755 731 2819 aine
742 2753 948 2839 praestigiis
962 2766 995 2817 et
1010 2753 1128 2846 suco,
1145 2757 1219 2821 sine
1232 2757 1480 2826 assentatione.

143 2848 248 2922 ,Aradi
270 2848 370 2935 igitur
392 2869 442 2911 me
465 2849 528 2912 hoc
551 2843 756 2932 ‹iyoueeairmp
777 2847 967 2912 dicentem.'’
990 2853 1028 2911 ad
1051 2850 1123 2914 Att.
1147 2852 1232 2916 XII.
1255 2850 1294 2927 3,
1321 2855 1349 2918 1.

214 2940 414 3033 'Aypaqou
438 2964 505 3005 non
528 2942 708 3025 scriptum.
754 2942 927 3025 „Tertium
949 2946 1097 3029 (genus),
1129 2948 1168 3010 dc
1188 2944 1316 3030 reliquo
1339 2946 1407 3011 iure
1430 2946 1478 3011 di-

144 3041 262 3113 eundo,
288 3034 448 3127 ἄγραφον
470 3037 618 3122 reliqui.''
656 3039 696 3100 ael
717 3038 789 3105 Au.
810 3038 877 3103 vl.
902 3042 940 3113 t,
966 3041 1018 3102 15.

220 3127 347 3215 Ἀγών,
379 3141 572 3205 certamen,
606 3131 791 3195 contentio.
841 3134 945 3205 „Nam
974 3147 1079 3196 cetera
1107 3157 1170 3199 nou
1203 3150 1336 3218 possunt
1358 3140 1476 3203 babere

144 3248 242 3311 neque
277 3225 340 3287 vim
371 3246 475 3307 neque
505 3236 700 3289 venustatem
733 3238 861 3289 remoto
895 3228 950 3290 illo
979 3229 1085 3293 studio
1117 3232 1347 3306 contentionis,
1384 3256 1478 3316 quem

145 3318 251 3405 sireis-a
275 3342 336 3385 vos
365 3319 566 3404 appellatia.''
604 3323 642 3382 ael
672 3321 744 3384 Au.
777 3320 808 3383 l.
838 3321 892 3399 16,
913 3324 945 3383 8.
992 3325 1051 3385 Est
1074 3324 1212 3385 studium
1236 3326 1475 3403 contentionis,

145 3420 229 3500 qrrod
256 3416 289 3479 in
323 3416 473 3482 oratione
500 3414 687 3489 adhibetur,
720 3418 801 3477 uude
829 3414 918 3499 ipsae
948 3417 1111 3481 orationes
1140 3419 1172 3481 iu
1195 3419 1297 3482 causis
1321 3421 1421 3496 veris,
1448 3432 1480 3483 et

145 3509 267 3594 quidem
301 3507 333 3573 in
366 3508 478 3593 primis
505 3508 536 3571 in
566 3508 766 3585 forensibus,
801 3505 922 3594 ἀγῶνες
953 3510 1102 3575 dicuntur
1133 3524 1164 3574 et
1198 3513 1480 3577 declamationibus

146 3602 324 3667 umbraticis
353 3614 576 3685 opponuntur.
621 3603 699 3665 Vid.
731 3625 762 3663 v.
792 3625 820 3664 e.
852 3601 996 3687 Longin.
1030 3611 1103 3691 περὶ
1126 3597 1251 3683 ὕψους,
1280 3609 1315 3670 S.
1347 3608 1412 3670 xl.
1446 3611 1477 3670 t.

147 3699 236 3779 plura
258 3698 342 3780 apud
362 3696 506 3763 Cresoll.
530 3697 667 3761 Theatr.
692 3698 789 3761 Rbet.
811 3697 878 3763 ΙΙΙ.
904 3700 957 3761 tt.
981 3700 1154 3781 Spaubem.
1179 3703 1218 3761 ad
1235 3700 1351 3763 Iulian.
1369 3701 1430 3765 Or.
1449 3700 1477 3763 l.

146 3812 177 3874 p.
194 3795 244 3855 ll.
262 3792 380 3857 1213.
403 3791 516 3859 Olear.
534 3792 571 3853 ad
586 3790 739 3855 Philostr.
755 3793 823 3856 Vit.
840 3792 978 3874 sophist.
996 3794 1039 3857 L.
1056 3795 1175 3857 XXII.
1193 3802 1223 3871 §.
1240 3799 1270 3857 1.
1293 3818 1323 3857 n.
1340 3796 1370 3859 l.
1394 3796 1478 3858 Eun.

224 3881 444 3963 Ἀδέσποτος,
475 3888 548 3949 sine
570 3897 729 3961 auctore,
755 3889 793 3948 dc
815 3886 1016 3964 rumoribus,
1051 3887 1105 3972 qtri
1134 3891 1215 3951 undc
1244 3900 1274 3950 et
1297 3910 1314 3949 a
1337 3909 1401 3973 quo
1425 3908 1478 3949 ca·

148 3978 210 4061 pite
231 3980 399 4055 fltrrerint,
429 3980 611 4063 ignoratur.
656 3980 730 4053 ,Dc
759 3979 913 4061 Hispania
947 3980 1025 4046 novi
1057 3982 1154 4058 nibil,
1187 3987 1242 4044 sed
1276 3981 1476 4062 exspectatio

149 4072 237 4136 valde
260 4095 394 4158 magna:
418 4094 564 4137 rumores
587 4072 764 4149 tristiores,
789 4075 846 4135 sed
867 4069 1075 4141 ottonum?
1098 4079 1137 4139 ad
1153 4077 1243 4139 Fam.
1269 4075 1349 4137 XV.
1374 4078 1424 4150 tt,
1443 4076 1475 4140 3.

225 4162 362 4247 ’.touun
386 4189 522 4244 secure,
554 4166 629 4231 siue
649 4168 721 4231 ullo
740 4167 888 4250 periculi
915 4179 1008 4233 metu
1029 4181 1091 4233 aut
1112 4170 1324 4253 suspicione,
1357 4172 1475 4253 large,

148 4262 293 4345 copiose.
338 4259 521 4345 ,Ἐυετικὴν
542 4263 676 4345 agebat:
705 4261 814 4347 itaque
837 4274 868 4325 et
889 4262 953 4327 edit
974 4273 1005 4327 et
1026 4263 1106 4327 bibit
1128 4258 1230 4340 ciderio
1251 4274 1282 4325 et
1303 4262 1475 4329 iucrmde.”

89 4416 92 4445 ι
149 4359 184 4417 ad
207 4358 278 4419 ¹btt.
301 4357 405 4419 Xlll.
429 4358 482 4433 52,
508 4361 539 4419 1.
563 4358 594 4422 b.
617 4380 648 4420 c.
672 4356 814 4441 Largius
836 4357 965 4431 edebat,
990 4356 1126 4441 ideoque
1148 4377 1212 4419 uon
1235 4361 1410 4436 metuebat,
1436 4381 1474 4424 nc

89 4484 91 4511 ÷
149 4450 204 4513 ribi
225 4454 288 4514 hoc
310 4463 459 4527 noceret,
484 4450 556 4536 quia
579 4450 710 4515 volebat
731 4470 863 4515 vomere
885 4461 961 4534 post
982 4472 1128 4515 coenam.

222 4542 369 4625 ''.nldr,·i.a,
403 4546 546 4609 incerta.
605 4546 680 4618 ,Ne
702 4546 765 4607 hoc
797 4543 924 4629 quidem
951 4556 1101 4619 cernunt,
1140 4547 1243 4611 ornnia
1277 4569 1311 4610 sc
1338 4550 1474 4612 reddere

89 4656 91 4661 ·
150 4636 277 4715 incerta;
292 4642 381 4725 qtrod
391 4639 516 4714 nolunt3
530 4662 564 4702 ea
581 4640 652 4703 dico
667 4639 798 4713 incerta,
813 4660 894 4722 quac
905 4634 1012 4718 ἄδηλα
1026 4638 1173 4705 Graeci.'’
1198 4645 1299 4708 Acad.
1310 4644 1354 4707 tt.
1365 4645 1473 4720 lust.

226 4730 434 4819 'sldrprouoim
468 4755 642 4810 maerens,
682 4730 925 4797 sollicitudinis
957 4735 1093 4815 plenus.
1147 4736 1330 4817 „Lentulus
1363 4749 1475 4800 noster

151 4824 291 4894 Puteolis
307 4840 373 4908 est,
392 4826 573 4915 ἀδημονῶν,
590 4840 624 4893 ut
639 4827 776 4895 Caecius
791 4838 908 4909 narrat,
928 4826 1003 4912 quid
1018 4831 1126 4915 agat.”
1148 4832 1187 4893 ad
1199 4833 1268 4898 Att.
1285 4832 1352 4896 IX.
1370 4833 1423 4910 13,
1441 4836 1472 4898 7.

285 4950 414 5000 onomast.
434 4952 487 5001 Cic.
507 4952 553 4998 ΙΙΙ.
1104 4954 1111 4967 ·
1320 4953 1332 4998 1
