3202 5318
144 331 185 398 99
737 328 889 397 INDEX

229 476 447 555 Σιοοδοέζειιι,
479 495 535 539 ser
536 496 589 549 ιο
625 474 666 538 cle
693 475 794 538 rebus
823 472 943 547 seriis,
979 493 1098 557 ogere.
1151 470 1334 571 „Longior
1358 482 1466 561 antero

144 568 301 652 (epistola
320 568 471 650 fuisset),
495 552 522 633 si
544 569 695 656 φλύαρον
717 539 851 652 aliquisrn
874 564 1053 630 habuisset.
1077 588 1146 628 narn
1178 555 1374 647 σπουδάζειν
1396 565 1462 630 sire

143 665 287 746 periculo
311 662 365 727 vix
386 663 582 746 possumus?
585 664 675 726 ’nd
697 664 790 726 Fam.
812 661 895 726 XV.
920 661 974 725 18.

227 760 418 824 Σπουδαῐον
444 761 555 834 οὐδέν,
580 757 727 821 serium
735 757 839 832 nihil,
875 767 929 818 ant
957 756 1045 841 qrrod
1067 753 1196 819 alicuius
1215 755 1311 841 pretii
1335 754 1393 830 sit,
1429 765 1463 817 nt

143 855 182 916 de
206 875 241 916 re
264 853 403 934 publica.
448 856 666 934 „Xsovdatov
691 851 819 919 οὐδὲν
809 872 840 913 ιιι
863 872 1027 928 sermone,
1045 852 1219 936 φιλόλογα
1241 850 1401 937 multa.¹’¹
1424 852 1462 913 ad

140 951 212 1012 Art.
235 947 338 1011 XIII.
362 949 422 1024 69,
446 949 478 1010 9.
1464 948 1468 953 “

225 1040 507 1128 Σπουδαιότερον,
541 1040 684 1125 gravius
711 1053 745 1105 et
773 1039 883 1123 magis
905 1039 1049 1103 serium.
1100 1040 1231 1121 „Quam
1258 1060 1394 1116 vereor,
1422 1060 1461 1103 ne

142 1135 218 1221 quid
246 1135 343 1199 fuerit
371 1135 629 1221 σπουδαιότερον
654 1135 686 1199 in
716 1134 753 1199 iis
782 1132 951 1215 (litteris),
987 1155 1065 1217 quas
1090 1155 1155 1199 non
1182 1134 1312 1218 accepi,
1348 1134 1469 1220 ιιιιιἹιιιιΙ

140 1229 274 1295 rescribi
297 1229 388 1294 vis!”
418 1233 456 1293 ad
479 1233 551 1294 All.
575 1231 621 1293 V.
642 1231 682 1305 ,8,
711 1230 744 1294 9.

225 1324 378 1406 Σπουδῆ,
404 1325 576 1400 studium,
602 1345 777 1409 propenso
799 1327 969 1389 noluntas.
1016 1323 1268 1409 „Tergiversari
1288 1316 1399 1398 nolui,
1423 1344 1460 1387 ns

42 1485 49 1498 ,
141 1441 211 1482 mea
235 1417 328 1482 nimia
351 1418 475 1499 σπουδή
499 1418 711 1501 suspicionem
730 1419 758 1483 ei
781 1419 916 1503 aliquam
935 1417 1166 1501 importaret.’'
1188 1421 1228 1483 ad
1249 1418 1344 1507 Fam.
1362 1416 1461 1482 XVI.

141 1514 198 1589 91,
229 1513 261 1576 6.
285 1547 326 1560 -
370 1514 467 1594 „Nec
496 1512 570 1576 mihi
596 1514 626 1575 iu
656 1515 717 1577 hac
742 1512 867 1597 quidem
893 1534 930 1575 re
955 1511 1126 1597 quidquam
1156 1512 1256 1597 magis
1285 1522 1322 1575 nt
1349 1510 1460 1575 uellem

141 1606 285 1671 accidere
306 1607 430 1689 potuit,
458 1629 551 1691 quam
579 1609 666 1692 quod
691 1608 815 1687 οιιουὸἦ
839 1620 948 1672 nostra
971 1627 1035 1671 nnn
1057 1620 1105 1670 est
1127 1608 1307 1689 probata.''
1330 1608 1372 1670 ad
1392 1611 1460 1671 An.

139 1702 242 1766 XIII.
266 1701 326 1779 97,
355 1709 384 1764 l.

223 1793 363 1872 Στάσις,
393 1807 519 1859 status.
571 1795 763 1878 „Resutatio
793 1807 897 1860 antem
920 1794 1148 1874 accusationis,
1176 1793 1207 1860 in
1230 1815 1292 1879 qua
1315 1794 1466 1877 repulsis·

139 1888 297 1978 criminis,
322 1911 403 1975 qrrae
418 1892 543 1954 Graece
565 1893 680 1968 στάσις
703 1891 836 1966 dicitur,
861 1891 978 1954 Latine
995 1890 1173 1974 appelletur
1193 1901 1325 1968 status:
1348 1890 1382 1953 in
1397 1912 1461 1972 quo

138 1984 275 2065 primum
298 1982 414 2047 insistit
437 1985 526 2068 quasi
544 1989 584 2047 ad
602 1988 842 2070 repugnandum
862 2002 1035 2069 congressa
1060 1983 1217 2048 defensio.
1227 1982 1247 2007 ”
1292 1985 1384 2067 Top.
1401 1984 1457 2059 95,

140 2077 194 2141 98.
239 2076 381 2160 Proprie
407 2091 455 2143 est
481 2079 666 2162 gladiatoris
689 2082 729 2142 ad
752 2083 955 2164 pugnandum
974 2081 1024 2144 vel
1047 2080 1287 2163 repugnandum
1311 2098 1347 2142 se
1369 2098 1460 2162 prae·

137 2171 282 2255 parantis
312 2182 343 2234 ct
370 2173 573 2237 consistentis
603 2185 676 2254 apte
703 2176 743 2236 ad
770 2177 987 2258 pugnandum.
1042 2173 1169 2238 Dicitur
1198 2171 1291 2237 etiam
1323 2174 1458 2257 gradus,

138 2270 221 2331 rende
243 2269 282 2329 de
304 2276 387 2328 statu
413 2277 445 2330 et
470 2269 509 2330 de
535 2271 636 2351 gradu
660 2268 794 2331 deiicere
821 2268 947 2332 dicitnr.
993 2269 1078 2332 Eau.

221 2363 423 2447 Σιερέμιια,
456 2361 585 2439 solida,
606 2363 737 2440 frma
794 2363 928 2444 „Docet
961 2361 1158 2443 (Epicurus)
1193 2382 1261 2425 earn
1294 2383 1368 2426 esse
1397 2362 1459 2429 vim

138 2467 169 2518 et
194 2467 407 2519 naturam—
440 2458 592 2532 deorum,
628 2468 662 2519 ut
689 2456 826 2538 primrun
850 2479 914 2521 nou
933 2477 1047 2532 sensu,
1080 2459 1136 2519 scd
1160 2466 1263 2519 mente
1291 2469 1457 2535 cernatur,

137 2571 197 2613 nec
218 2549 378 2614 soliditate
400 2553 552 2634 quadarn,
575 2573 635 2612 nec
658 2552 696 2614 ad
718 2573 901 2624 reimerum,
927 2562 960 2614 ut
983 2572 1039 2625 ca,
1065 2571 1146 2633 quae
1167 2549 1222 2613 ille
1245 2564 1384 2645 propter
1406 2552 1460 2617 fie-

137 2645 277 2708 mitatem
299 2659 471 2732 στερέμνια
498 2647 652 2728 appellnt,
676 2648 732 2708 sed
754 2645 963 2728 imaginibus,
988 2642 1190 2708 similitudine
1213 2654 1244 2707 et
1271 2636 1460 2711 transitione

137 2738 340 2820 perceptis.''
383 2741 421 2802 de
444 2741 521 2802 Nat.
545 2739 649 2803 Deor.
674 2740 703 2802 1.
729 2742 785 2816 19,
815 2740 867 2803 19.
1472 2810 1480 2819 ,

221 2835 285 2900 Στι
271 2834 418 2919 spurcari,
443 2834 632 2915 prinantia.
676 2835 780 2908 „Sum
802 2833 882 2896 enim
905 2832 964 2897 alia
990 2822 1171 2906 contraria.
1194 2852 1274 2916 qrrae
1299 2830 1459 2914 privantia

136 2927 211 2991 licet
233 2929 427 3011 appellemus
449 2927 582 3002 Latine,
618 2930 736 2992 Graeci
761 2929 920 3037 appellant
944 2929 1144 3014 respiranti!
1147 2927 1289 3010 ’T.op
1315 2928 1374 3002 11,
1403 2928 1457 2990 ts.

221 3025 413 3104 Στερκτέον,
446 3022 683 3105 probandum,
718 3023 819 3106 nequi
847 3021 992 3107 bonique
1020 3022 1276 3086 consulendum.
1338 3022 1460 3103 „Quod

137 3116 279 3179 evenerit
293 3130 393 3201 igitur
409 3127 440 3180 et
455 3119 542 3201 quod
558 3137 683 3202 egeris
707 3116 740 3178 id
761 3130 929 3202 στιριτέοι
944 3119 1100 3199 putabo
1125 3120 1163 3180 ad
1182 3117 1253 3179 Att.
1272 3116 1338 3179 IX.
1358 3117 1410 3188 10,
1428 3119 1458 3176 l.

221 3212 395 3293 Στεφάνη,
424 3232 565 3274 corona.
617 3210 846 3293 „Parmenides
873 3211 998 3307 quidem
1028 3209 1283 3275 commenticium
1311 3209 1459 3294 qrriddam

137 3326 285 3369 coronae
308 3303 507 3368 similitudine
530 3263 647 3367 efficil:
671 3308 865 3388 Steplmuen
874 3284 1044 3388 appellat,
1069 3306 1250 3369 continente
1273 3306 1393 3368 ardore
1414 3303 1460 3364 lu-

137 3398 183 3461 cis
206 3401 334 3474 orbem,
359 3396 413 3484 qui
436 3399 543 3482 cingat
563 3399 701 3475 caelum,
727 3421 820 3486 quiem
844 3399 983 3483 appellat
1009 3399 1143 3462 deum.''
1187 3400 1226 3461 de
1248 3398 1329 3461 Nat.
1353 3396 1457 3462 Deor.

136 3493 166 3556 I.
191 3494 245 3567 11,
268 3493 321 3554 98.

219 3589 369 3669 Στίλβων
396 3584 604 3678 (fulgens),
633 3590 732 3651 stella
752 3586 937 3653 Mercurii.
983 3585 1101 3668 „Infra
1126 3598 1230 3650 erstem
1256 3586 1340 3648 hanc
1369 3585 1459 3650 stella

135 3678 294 3744 Mercurii
325 3693 389 3744 est:
425 3701 463 3743 ea
494 3688 635 3763 στίλβων
667 3680 847 3764 appellatur
883 3702 900 3744 a
930 3680 1103 3745 Graecis.''
1163 3684 1201 3744 de
1234 3680 1313 3744 Nat.
1352 3679 1456 3745 Deor.

135 3775 184 3839 II.
208 3776 268 3850 90,
292 3775 346 3838 63.

219 3869 368 3953 Σιοργή,
383 3945 387 3951 1
401 3890 519 3944 amor,
546 3869 672 3952 pietas.
724 3870 797 3951 „su
820 3875 959 3955 στοργῆς
985 3870 1059 3933 lieet
1080 3891 1199 3955 stimma
1222 3869 1389 3949 ουίτηξις,
1412 3877 1461 3931 ta·

135 3987 204 4027 men
229 3984 287 4028 nos
310 3973 397 4026 recte
417 3962 524 4027 facere
547 3976 578 4026 et
598 3967 678 4027 bene
701 3965 807 4027 audire
832 3965 911 4027 volt.
923 3963 942 3992 '’
985 3966 1024 4027 ad
1047 3965 1118 4027 Arr.
1141 3966 1187 4027 X.
1212 3965 1250 4039 8,
1276 3964 1308 4027 9.
1337 3966 1340 3970 ’

218 4059 456 4142 Στρατήγημα,
480 4057 662 4121 consilinm
683 4058 965 4140 imperatorium,
990 4070 1212 4143 stratagema.
1258 4054 1459 4137 „Consilium

133 4153 239 4217 illud
230 4152 467 4234 imperatorium
490 4150 567 4227 luit,
592 4154 681 4235 quod
703 4151 821 4215 Graeci
840 4154 1053 4240 στρατήγημα
1076 4151 1277 4235 appellantss’
1322 4155 1362 4215 de
1381 4154 1458 4216 Nat.

134 4247 238 4311 Deor.
263 4246 312 4311 11.
336 4248 373 4320 6,
398 4248 448 4309 16.

217 4341 445 4424 Στρατυλλιιξ,
470 4340 774 4424 imperotorffculus
799 4363 858 4423 per
880 4328 1096 4425 contemptum
1120 4346 1158 4406 de
1179 4340 1340 4407 Antonio.
1366 4340 1461 4422 „Le-

89 4462 93 4467 ·
135 4445 208 4516 ptae
235 4434 409 4498 litterarum
440 4436 619 4518 exemplum
649 4435 705 4498 tibi
732 4435 818 4510 rnisi;
849 4458 890 4499 ex
913 4458 978 4520 quo
1004 4434 1080 4499 mihi
1102 4437 1226 4500 videtur
1253 4436 1460 4523 οιροτύλλαξ

133 4527 187 4590 ille
209 4528 348 4591 deiectus
370 4533 408 4593 de
432 4531 575 4613 gradn.”
596 4565 598 4568 >
620 4531 658 4592 ad
681 4530 752 4593 Att.
774 4531 876 4594 XVI.
901 4532 957 4606 15,
982 4531 1014 4594 3.

218 4621 445 4708 Σύγγραμμα,
472 4624 570 4690 liber.
615 4626 756 4706 „Habeo
784 4626 934 4689 volumen
957 4624 1214 4707 prooemiorum.
1259 4626 1314 4689 Ex
1336 4646 1377 4690 en
1399 4623 1460 4688 cli-

133 4734 212 4800 gere
241 4713 350 4791 soleo,
386 4737 456 4779 eum
481 4718 610 4802 aliquod
637 4719 838 4804 σύγγραμμα
860 4717 1022 4783 institui.’‘
1072 4722 1111 4783 ad
1133 4722 1204 4784 Art.
1226 4718 1332 4784 XVI.
1354 4720 1392 4794 6,
1423 4718 1456 4782 t.

133 4808 345 4896 Σόγγραμμοι
376 4821 425 4873 est
455 4810 607 4895 seriptum
640 4815 855 4898 quodcunque
887 4823 920 4876 ct
948 4834 990 4877 ex
1024 4836 1152 4900 quoqne
1186 4834 1321 4899 genere.
1372 4812 1455 4877 tta·
