3202 5318
618 341 769 410 INDEX
789 342 972 413 LEGUM.
1401 346 1464 417 29?

136 486 317 562 ferrentur,
356 482 471 569 quibus
503 485 638 549 liberum
666 485 829 549 arbitrium
859 485 976 549 cisium
1006 488 1225 553 Romanorum
1255 503 1464 557 coerceretur

137 593 191 644 aaut
209 585 249 644 de
271 578 415 664 legitima
437 601 566 644 surorum
582 580 732 643 heredum
747 593 778 642 et
794 579 1104 664 consanguineorum
1124 583 1324 649 antecessione
1345 587 1465 673 aliquid
1489 638 1493 643 .

135 674 398 759 praeciperetur,
433 694 609 758 quaecum
633 684 744 736 natura
767 673 837 755 ipra
865 674 984 737 sancita
1011 686 1078 739 tum
1100 678 1330 744 consuetudine
1350 682 1465 766 populi

136 768 276 836 Romani
302 780 458 852 perpetua
482 790 575 851 quam
601 766 735 830 maxime
757 768 942 830 conlirmata
966 779 1048 831 erat.
1091 770 1206 853 ltaque
1229 772 1401 838 Voconius
1422 778 1484 840 de·

136 864 301 929 mulierum
324 862 549 925 hereditatibus
574 884 613 923 ex
638 862 790 925 intestato
811 862 887 924 nihil
909 862 1093 945 praecepit,
1115 868 1174 928 sed
1193 865 1227 928 id
1252 876 1371 929 tantum
1396 868 1463 932 effi·

135 979 209 1021 cere
231 957 367 1032 studuit,
403 968 437 1018 ut
462 977 501 1019 ne
524 955 717 1019 testamentis
745 976 877 1041 maguae
901 976 980 1039 opes
1008 959 1047 1020 ad
1075 957 1221 1022 utiliores
1243 960 1462 1041 pervenirent.

135 1050 229 1115 Vidit
253 1051 337 1113 nulla
363 1050 487 1115 ratione
512 1050 595 1113 effici
623 1071 743 1133 posse,
774 1062 808 1113 ut
839 1050 987 1114 mulieres
1014 1053 1207 1134 pecuniosae
1238 1053 1271 1116 in
1300 1058 1464 1139 republica

136 1145 266 1210 omnino
279 1165 343 1208 non
361 1156 478 1220 essent,
495 1165 598 1228 neque
611 1142 645 1207 id
660 1145 741 1206 ellici
759 1145 873 1218 voluit,
890 1147 946 1207 sed
958 1163 1073 1207 cavere
1084 1146 1212 1223 studuit,
1230 1168 1269 1212 ne
1283 1148 1316 1212 id
1334 1163 1464 1233 praeter

135 1251 280 1303 naturam
300 1238 582 1322 necessitatemque
596 1238 687 1302 nimis
703 1259 797 1321 saepe
813 1239 985 1301 accideret.
1030 1241 1155 1302 Verum
1173 1241 1271 1305 etiam
1288 1241 1460 1323 intellexit,

135 1354 241 1417 neque
261 1353 356 1415 saepe
368 1332 518 1419 evenire,
544 1344 597 1409 ut,
613 1332 641 1395 si
658 1332 728 1415 quis
749 1354 878 1417 magnas
901 1354 979 1415 opes
1000 1332 1166 1397 intestatus
1191 1335 1388 1421 reliquisset,
1413 1340 1464 1404 sui

134 1429 271 1491 heredes
299 1438 331 1490 et
366 1426 501 1509 legitimi
530 1448 593 1491 nou
620 1438 726 1489 essent
753 1427 811 1491 uisi
837 1427 1004 1501 mulieres,
1037 1436 1068 1488 et
1094 1449 1151 1491 eos
1180 1429 1291 1507 stiam,
1325 1453 1462 1517 quorun

136 1542 219 1605 opes
245 1520 274 1585 si
298 1520 438 1584 intestati
466 1523 656 1584 decederent
677 1523 715 1583 ad
740 1521 888 1584 mulieres
910 1533 1125 1603 perventurae
1152 1536 1257 1587 essent
1280 1525 1365 1589 haud
1386 1546 1463 1591 raro

137 1626 320 1679 testamenta
342 1615 485 1679 lactrrros
505 1637 593 1690 erse,
619 1626 651 1677 ut
672 1625 725 1677 arrt
745 1625 882 1678 tutorem
909 1618 1019 1679 darent
1040 1627 1095 1679 arrt
1116 1620 1287 1682 morandum
1312 1622 1460 1684 heredem

135 1710 334 1775 instituerent
357 1720 411 1772 aut
437 1710 539 1793 legata
563 1712 756 1774 insudarent.
799 1709 896 1789 Quod
915 1731 955 1774 eo
971 1711 1070 1794 magis
1087 1710 1211 1794 sperari
1226 1724 1373 1794 poterat,
1396 1735 1463 1799 qno

135 1805 366 1888 propensiores
389 1808 426 1867 ad
445 1815 628 1867 testamenta
650 1807 814 1867 condenda
836 1804 958 1868 animos
980 1806 1200 1870 Romanorum
1223 1805 1324 1870 luisse
1344 1808 1462 1870 intelli-

135 1901 252 1985 gimus.
297 1899 333 1963 Si
352 1898 522 1982 quievero
545 1908 732 1962 testamento
753 1901 791 1961 de
808 1898 981 1962 hereditate
998 1899 1116 1984 aliquid
1133 1898 1322 1983 praecipere
1343 1900 1459 1977 voluit,

135 1997 207 2078 lege
231 1996 270 2056 de
289 1992 516 2056 hereditatibus
540 1993 704 2055 mulierum
728 1995 915 2068 tenebatur,
949 1993 1071 2056 etiamsi
1095 1993 1124 2057 ei
1146 1995 1297 2057 intestato
1319 1993 1385 2057 lilia
1408 2005 1464 2057 aut

134 2109 233 2153 soror
254 2087 346 2150 heres
371 2087 477 2149 lutma
502 2086 628 2150 lenisset.
682 2088 772 2149 Haec
795 2100 963 2170 antequam
990 2089 1029 2150 de
1052 2088 1123 2173 lege
1147 2089 1215 2171 ipsa
1245 2100 1463 2171 exponeretur

134 2180 260 2245 moneri
288 2183 462 2255 dehebant,
495 2201 533 2242 ne
563 2180 798 2243 difficultatibus
824 2180 864 2245 iis
885 2182 1144 2264 implicaremur,
1180 2184 1294 2267 quibus
1317 2184 1462 2269 plerique

135 2276 191 2359 qui
211 2277 375 2359 hucusque
395 2277 434 2338 de
456 2275 526 2358 lege
550 2276 686 2336 voconia
708 2275 906 2357 scripserunt
927 2276 1033 2339 vexati
1055 2287 1146 2353 sunt,
1170 2297 1241 2339 cum
1264 2299 1329 2342 non
1347 2278 1464 2341 intelli·

136 2381 252 2455 gerent
270 2372 434 2453 quomodo
454 2369 641 2431 hereditates
657 2390 696 2431 ex
712 2368 862 2433 intestato
878 2389 948 2432 cerm
969 2392 1005 2432 ea
1023 2368 1186 2433 conciliari
1201 2383 1346 2453 possent.
1392 2372 1463 2436 Noa

136 2485 218 2528 vero
246 2462 346 2527 secuti
373 2485 479 2526 surmus
509 2462 677 2537 Hassium,
712 2462 767 2545 qui
793 2466 833 2527 de
864 2462 1001 2527 consilio
1031 2463 1110 2548 legis
1140 2462 1259 2546 optime
1289 2465 1462 2549 explicarit

134 2581 170 2640 p.
195 2560 257 2622 198
279 2579 352 2641 sqq.
1536 2557 1541 2565 ’

221 2652 363 2717 Primum
386 2651 483 2736 igitur
505 2653 565 2714 hac
590 2652 661 2734 lege
684 2662 806 2714 cautum
831 2665 896 2716 est:

263 2746 317 2830 qui
338 2758 463 2808 centum
488 2745 571 2808 milia
594 2746 676 2809 aeris
698 2766 809 2810 census
831 2760 933 2824 esset,
971 2769 1008 2811 ue
1032 2747 1102 2832 quis
1124 2739 1287 2811 rnrrlierem
1308 2747 1460 2811 heredem

325 2840 513 2902 institueret.

220 2934 320 2999 Gaius
350 2934 398 2997 11.
421 2939 451 3009 §.
476 2934 556 2996 ott:
591 2935 671 2997 item
699 2937 840 3010 mulier,
872 2958 959 3020 quae
987 2939 1031 3001 ab
1053 2962 1094 3002 eo
1121 2939 1180 3021 qui
1205 2948 1341 2999 centum
1365 2933 1463 2997 milia

130 3031 227 3093 aeris
254 3050 376 3091 census
409 3041 460 3089 est
492 3051 554 3110 per
583 3032 693 3111 legem
720 3029 897 3092 vucaur'am
928 3034 1027 3094 heres
1056 3032 1193 3094 institui
1226 3052 1294 3094 ιιοιι
1327 3038 1458 3111 potest,

132 3137 249 3188 tarnem
264 3122 541 3200 filleieommisso
565 3124 718 3185 relictam
740 3123 806 3186 sibi
829 3125 1054 3188 hereditatem
1075 3147 1197 3207 capere
1215 3134 1341 3207 potest.
1392 3121 1461 3186 nio

133 3217 268 3284 Cassius
291 3216 385 3279 LVI.
411 3219 470 3277 10:
504 3216 565 3281 τῶν
589 3241 620 3282 re
641 3218 805 3299 γυναικῶν
830 3240 896 3282 τισι
920 3224 974 3283 καὶ
998 3216 1090 3325 trapa
1114 3216 1171 3284 τὸν
1196 3213 1387 3283 mundium
1407 3209 1463 3281 rri-

131 3338 213 3399 μον,
243 3308 324 3375 καθ’
355 3305 392 3374 liu
415 3306 551 3400 οὐδεμιᾷ
573 3308 681 3376 αὐτῶν
703 3308 833 3388 οὐδενὸς
851 3307 932 3399 ὑπὲρ
954 3307 1013 3378 d'tio
1035 3333 1136 3397 ημισι·
1158 3306 1324 3397 μυριάδας
1347 3303 1462 3384 οὐσίας

132 3411 345 3491 κληρονομεῖν
367 3406 454 3485 ἐξῆν,
489 3402 687 3492 συνεχώρησε
709 3409 806 3472 τοῦτο
828 3414 941 3473 ποιεῖν.
984 3408 1088 3487 (Bene
1112 3405 1193 3467 enim
1219 3407 1258 3467 ab
1279 3401 1460 3466 hominibus

132 3500 236 3564 doctis
257 3510 459 3580 perspectum
484 3511 545 3572 est,
572 3501 655 3561 hunc
675 3500 767 3563 huius
790 3501 852 3564 loci
869 3522 993 3563 seusium
1016 3522 1104 3562 csse:
1128 3510 1249 3564 eontra
1271 3501 1381 3581 legem
1402 3517 1460 3559 vo·

131 3593 287 3668 aoniam,
320 3615 384 3675 per·
410 3615 513 3676 quam
542 3592 678 3655 mulieri
698 3614 766 3655 nou
790 3594 910 3657 licebat
931 3619 978 3656 ex
1007 3606 1211 3657 testamento
1235 3614 1357 3675 capere
1380 3592 1461 3673 pltea

132 3686 424 3771 vigintiquinque
445 3687 543 3748 milia
565 3686 746 3748 denarium
768 3710 814 3749 ex
833 3689 953 3769 opibus
973 3689 1135 3763 alieuius,
1160 3688 1182 3749 i.
1209 3709 1238 3749 e.
1257 3684 1381 3748 mulieri
1395 3702 1461 3745 non

136 3782 254 3842 licebat
275 3782 382 3843 heredi
406 3803 476 3843 esse
499 3781 566 3842 eius
583 3781 635 3863 qui
658 3781 729 3861 plus
746 3780 857 3863 viginti
875 3782 1013 3864 quinque
1029 3781 1110 3843 milia
1128 3782 1288 3843 denarium
1309 3778 1457 3839 haberet:

136 3877 184 3938 V.
208 3875 375 3955 Zirmptius
397 3897 431 3957 p.
457 3876 542 3952 1811.)
567 3873 888 3937 PseudoeAsconius
904 3878 942 3936 ad
959 3876 1091 3937 Verrio.
1109 3875 1134 3938 l.
1151 3878 1211 3949 11,
1233 3873 1306 3935 104.
1321 3874 1371 3951 (p.
1389 3868 1461 3932 188.

136 3970 189 4031 cd.
215 3968 335 4047 Bait.):
370 3991 499 4053 nequae
520 3989 673 4030 census
694 3969 828 4047 esset]
852 3989 958 4053 neque
982 3981 1118 4030 centum
1140 3968 1237 4030 milia
1264 3961 1462 4029 sestertium

133 4062 339 4144 possideret.
390 4066 495 4127 More
525 4075 677 4125 ueterum
704 4061 818 4124 censi
846 4061 1064 4135 dicebantur,
1105 4062 1164 4144 qui
1198 4071 1333 4121 centum
1365 4054 1463 4119 mtto

133 4154 357 4245 professione
378 4158 593 4220 detulissent.
637 4155 847 4219 Huiusmodi
870 4156 957 4216 adeo
966 4152 1167 4243 facultates
1188 4171 1340 4215 census
1361 4170 1460 4212 vora·

137 4251 275 4314 bantur.
330 4252 517 4335 Quanquam
550 4250 628 4312 enim
659 4259 846 4330 personatus
876 4249 929 4311 ille
964 4249 1121 4311 Asconius
1155 4249 1258 4310 locum
1291 4242 1462 4309 Ciceronis

139 4342 217 4405 male
240 4344 431 4426 explicavit,
457 4348 495 4406 dc
515 4367 580 4428 quo
604 4342 685 4406 inira
710 4342 903 4415 videbimus,
928 4340 998 4403 iure
1022 4353 1123 4403 tamen
1146 4338 1316 4423 Savignius
1339 4334 1462 4399 monuit

137 4456 171 4517 p.
195 4437 291 4509 927„
317 4451 435 4501 tauhun
459 4441 517 4501 huc
544 4436 745 4499 adnotatione
769 4434 865 4508 effici,
899 4448 933 4497 ut
959 4436 1090 4498 scivisse
1117 4434 1328 4518 intelligamus
1354 4434 1461 4495 Asca.

138 4529 220 4590 nium
246 4552 396 4595 summam
421 4536 572 4614 qrmndam
597 4528 748 4612 pecuniae
770 4528 803 4589 in
831 4529 902 4611 lege
925 4528 992 4610 ipsa
1017 4528 1218 4593 constitutam
1241 4527 1351 4590 luisse.
1396 4528 1461 4591 sec

138 4624 177 4685 dr
203 4625 264 4685 huc
285 4623 351 4706 ipsa
376 4626 528 4709 pecuniae
551 4646 668 4687 summa
696 4622 732 4685 lis
760 4634 820 4685 est.
872 4624 1031 4685 Asconius
1063 4623 1142 4685 euim
1173 4632 1205 4684 et
1233 4621 1298 4685 Dio
1330 4618 1460 4685 cassius

137 4728 262 4778 centnm
280 4718 362 4781 milia
379 4721 572 4782 sestertium
588 4728 853 4792 commemorant,
878 4718 977 4780 Gairrs
993 4727 1115 4779 centum
1136 4717 1219 4781 milis
1238 4716 1349 4791 aeria,
1372 4717 1460 4798 quod

137 4830 177 4872 ex
195 4831 255 4874 usu
276 4814 432 4878 sermonis
447 4813 533 4877 latini
554 4813 677 4898 vrrlgari
697 4814 737 4877 de
754 4812 884 4877 wilm
902 4809 1037 4896 intelligi
1054 4823 1196 4894 oportet.
1241 4813 1280 4877 ln
1295 4812 1355 4873 hac
1372 4810 1461 4874 testi·
