3202 5318
153 307 192 370 66
746 305 899 375 INDEX

152 445 363 538 satisfacere
383 459 432 513 est
450 449 543 512 talem
564 468 600 511 sc
622 459 803 532 praestare,
827 460 864 513 ιιι
884 446 1033 524 Mutuus,
1056 444 1120 531 qui
1133 448 1220 532 quod
1237 447 1469 532 reprehendat,

152 543 298 628 quamvis
320 554 471 628 quaerat,
495 553 598 608 tamen
620 565 685 609 uon
707 545 834 608 habeat.
879 544 966 608 Ean.

232 922 335 1001 Νᾱφε
360 931 417 988 καὶ
441 924 579 1006 papiae?
606 922 764 987 ἀπιστεῖν.
794 919 908 1006 ἄρθρα
936 924 1040 984 ταῦτα
1066 921 1127 985 τᾶν
1152 922 1300 1005 φρενῶν,
1331 918 1475 986 Sobruo

151 1018 200 1081 sis
221 1020 254 1083 et
277 1017 474 1083 memineris
494 1037 562 1078 non
571 1012 691 1107 facile
705 1014 861 1077 credere:
881 1013 918 1076 lsi
937 1024 1020 1077 suat
1041 1012 1137 1077 nerui
1157 1012 1405 1097 sapientiam„
1414 1016 1475 1078 At·

151 1134 213 1192 qus
230 1110 274 1174 ita
297 1124 401 1180 tamen
420 1113 469 1176 his
486 1110 579 1175 novis
601 1108 743 1173 amicitiis
766 1107 917 1191 implicati
938 1128 1064 1182 sumus,
1089 1119 1124 1170 ut
1145 1110 1262 1173 crebro
1285 1108 1364 1173 mihi
1385 1108 1474 1173 vast?

149 1207 202 1271 ille
221 1208 346 1275 Siculus
361 1206 600 1292 (Epicharmus)
622 1204 800 1268 insusurret
821 1201 1011 1320 cantilenam
1032 1201 1117 1265 illam
1139 1222 1239 1267 suasus
1260 1205 1367 1286 Νᾶφι
1382 1201 1472 1269 aril’

39 1311 42 1316 '
150 1303 472 1378 seniculus

231 1399 498 1486 Νεκρομαντεῑα,
525 1415 554 1458 s.
578 1406 829 1478 νεκυομαντεῖα,
851 1391 1014 1455 uaticinia
1034 1413 1083 1455 ex
1107 1392 1257 1457 euocatis
1278 1390 1472 1459 monssis”

149 1491 249 1564 „inde
272 1513 326 1567 ea,
360 1512 442 1577 quae
472 1509 559 1554 meus
583 1487 701 1551 amicus
729 1488 856 1571 Appius
883 1500 1116 1576 νεκρομὰντεῖα
1140 1486 1326 1553 faciebat.”
1372 1489 1471 1555 Tus.

147 1584 177 1650 1.
200 1585 258 1660 10,
285 1585 339 1649 37.

229 1682 366 1746 Nexum.
402 1680 507 1754 „lude
530 1676 667 1740 Homeri
687 1689 756 1740 tota
777 1676 925 1743 νεκυία.”
949 1679 1049 1742 Tisse.
1071 1677 1101 1742 Ι.
1127 1677 1183 1754 16,
1211 1677 1264 1744 37.
1286 1706 1329 1720 -
1351 1676 1471 1759 „Quam

146 1772 200 1837 ille
223 1775 301 1837 haec
323 1795 387 1838 non
412 1775 553 1856 probare
574 1771 649 1834 mihi
675 1770 801 1856 quidem
830 1772 914 1834 visus
936 1776 1000 1835 cst!
1035 1793 1128 1855 quam
1149 1773 1233 1836 illam
1257 1765 1406 1846 samius,
1439 1779 1472 1833 ut

146 1879 182 1931 tu
204 1869 362 1950 appellas,
386 1866 542 1931 timere!’'
587 1867 626 1928 ad
646 1866 720 1929 Αιι.
743 1865 808 1944 lx„
834 1868 893 1942 10,
918 1865 950 1928 2.
973 1898 1014 1908 —
1059 1866 1284 1941 „Manendum
1305 1877 1407 1949 puto,
1429 1863 1473 1927 ita

147 1972 202 2039 ut,
236 1961 264 2026 si
292 1963 398 2025 salvus
425 1961 467 2024 sit
493 1959 670 2042 Pompeius
695 1972 727 2023 et
747 1959 929 2025 constiterit
954 1959 1089 2037 alicubi,
1123 1961 1206 2025 hanc
1225 1971 1358 2028 ιικυίαν
1379 1956 1472 2023 reliu-

148 2077 242 2139 quas.
252 2056 270 2084 ''
293 2059 333 2118 ad
354 2056 427 2119 Αιι.
452 2055 517 2119 ΙΧ.
542 2056 602 2129 10,
630 2058 659 2120 7.
682 2086 718 2097 -
746 2107 762 2136 „
772 2055 926 2138 Reliqua,
959 2054 1060 2120 odii!
1084 2055 1138 2138 qui
1163 2055 1351 2120 comitatus!
1374 2072 1470 2137 quae,

148 2161 183 2212 ut
208 2161 242 2211 tu
270 2150 356 2214 soles
387 2151 510 2225 dicere,
541 2148 698 2216 νεκυία1”
748 2153 789 2211 ad
817 2150 890 2213 Αιι.
921 2151 986 2214 ΙΧ.
1019 2150 1077 2226 18,
1114 2150 1146 2212 2.
1169 2185 1211 2196 -
1251 2152 1381 2217 Νεκυια
1404 2146 1472 2211 Ho-

146 2243 226 2307 meri
256 2244 525 2323 (Tuse.l.16.)
554 2254 602 2306 est
625 2243 745 2323 Odyss.
774 2250 801 2307 λ.
832 2243 888 2326 qui
912 2242 994 2307 liber
1020 2244 1068 2307 sie
1095 2244 1187 2307 etiam
1214 2243 1285 2308 aliis
1314 2253 1467 2314 vocatur.

116 2344 121 2365 ¹
146 2348 304 2422 tamquam
325 2338 480 2424 Longino
503 2348 577 2424 περὶ
597 2337 703 2417 ὕψους
726 2338 813 2400 Sect.
838 2338 901 2401 IX.
925 2339 1052 2402 Nomen
1075 2338 1115 2401 ab
1138 2349 1328 2422 argumento
1354 2335 1468 2410 traxit,

146 2435 233 2516 quod
260 2432 294 2495 in
321 2453 360 2495 eo
391 2433 524 2511 Ulysses
551 2442 836 2506 commemoratur,
865 2434 1129 2515 quemadmodum
1158 2431 1281 2495 inferos
1304 2430 1419 2496 adierit
1439 2437 1471 2491 ct

146 2548 216 2589 cum
245 2526 366 2590 umbris
380 2523 565 2590 'collocatus
587 2526 640 2589 sit.
692 2526 743 2590 De
770 2527 830 2588 hac
850 2538 960 2609 asxvlqc
982 2526 1059 2612 quid
1078 2524 1163 2591 acuti
1185 2525 1332 2611 homiues
1353 2523 1470 2591 iudica·

145 2620 229 2698 rint,
253 2621 320 2684 vid.
345 2642 398 2703 ap.
422 2619 606 2684 Victorium
629 2622 746 2702 adep.
771 2622 823 2682 10.
846 2620 891 2682 L.
915 2620 980 2685 IX.
1005 2623 1045 2683 ad
1066 2621 1140 2684 Att.
1164 2618 1316 2686 Ceterum
1338 2621 1379 2683 ad
1392 2620 1471 2681 hanc

144 2725 274 2781 νεκυιαν
309 2713 453 2797 respexit
486 2713 637 2788 Atticus,
672 2735 743 2777 cum
773 2712 922 2777 Caesaris
950 2715 1134 2778 comitatum
1164 2725 1295 2782 sanutus
1324 2722 1468 2779 vocaret.

145 2811 228 2872 Nam
258 2810 522 2893 quemadmodum
555 2808 687 2871 umbrae
714 2810 754 2871 ad
781 2808 929 2889 Ulyssem
959 2809 991 2871 in
1014 2821 1124 2892 νεκυίᾳ
1145 2808 1284 2874 Homeri
1304 2806 1470 2875 confluunt

144 2901 347 2986 frequentes,
378 2902 426 2965 sic
454 2900 599 2966 homines
624 2900 793 2986 flagitiosi,
822 2900 999 2968 facinorosi
1020 2916 1051 2966 et
1074 2924 1148 2967 aere
1174 2903 1279 2967 alieno
1301 2903 1412 2968 obruti
1432 2900 1470 2963 ad

146 2993 318 3061 Caesarem
340 2996 556 3060 confluebant.
602 2997 686 3059 Eun.

229 3094 402 3174 Νεμισᾷιι,
424 3088 616 3174 indignari.
662 3142 677 3171 „
690 3091 739 3155 Τὸ
766 3096 905 3175 sapaudi
933 3091 1064 3156 interest
1085 3099 1144 3160 τοῦ
1171 3090 1352 3176 φθονεῖν,”
1381 3089 1468 3155 indt-

144 3185 267 3268 gnatio
285 3181 421 3274 differt
441 3185 485 3247 ab
506 3183 649 3246 inuidia.
694 3187 733 3247 ad
755 3186 823 3253 Αιι.
847 3188 894 3250 V.
918 3188 978 3263 19,
1002 3188 1036 3251 3.
1500 3182 1503 3189 ’

227 3278 443 3355 Νιόκτιστος,
473 3300 583 3362 nuper
610 3279 781 3344 conditus.
829 3328 843 3356 „
857 3283 967 3344 Tenea
988 3293 1021 3345 ct
1041 3282 1196 3367 Aliphera
1220 3293 1251 3345 et
1275 3279 1378 3345 Tritia
1402 3280 1468 3348 aso'·

145 3399 260 3438 κτισια
283 3373 312 3436 ei
334 3373 566 3437 videbantur.¹'
610 3375 650 3436 ad
671 3373 744 3437 Αιι.
768 3375 833 3437 Vl.
858 3376 896 3451 2,
928 3376 961 3440 3.

227 3469 474 3556 Νιωτερισμός,
504 3489 610 3532 nouae
633 3488 702 3531 res.
747 3469 834 3550 „Sed
857 3470 950 3534 velim
972 3469 1073 3548 scire,
1099 3470 1176 3558 quid
1197 3472 1354 3535 adventus
1374 3471 1468 3535 Oeta·

144 3559 208 3625 vii:
232 3584 304 3625 num
328 3563 383 3647 qui
408 3583 584 3628 concursus
610 3565 649 3625 ad
671 3583 760 3639 essm,
784 3585 857 3628 num
881 3585 962 3650 quae
984 3570 1202 3655 νεωτερισμοῦ
1221 3563 1380 3649 suspicio.
1389 3561 1408 3588 ''
1430 3562 1467 3625 ad

144 3657 216 3720 Att.
238 3658 339 3720 XIV.
367 3658 405 3734 5,
429 3658 463 3720 3.

227 3754 376 3829 Νίκωνος
404 3764 478 3840 περὶ
501 3759 725 3836 πολυφαγίας,
756 3753 904 3818 Niconis
925 3723 967 3817 de
996 3754 1178 3820 edacitate.
1223 3755 1326 3839 „Ego
1349 3776 1369 3818 a
1390 3752 1466 3818 Sex.

143 3793 264 3922 Fadio,
289 3845 425 3910 Niconis
451 3846 626 3928 discipulo,
651 3847 767 3910 librum
794 3847 925 3924 abstuli,
946 3850 1097 3926 Νίκωνος
1122 3861 1197 3939 περὶ
1216 3846 1466 3933 ιιολυᾳιαγίιις.’Ι

143 3943 184 4004 ad
206 3939 298 4004 Fam.
322 3940 408 4004 Vll.
431 3941 489 4016 20,
513 3941 547 4004 3.
590 3939 668 4005 Vid.
693 3941 861 4006 Onomast.
883 3963 912 4005 s.
936 3965 970 4007 v.
994 3944 1122 4010 Nicon.

224 4037 556 4121 Νομαναιδρίανη
558 4036 658 4117 ‚Nam
680 4034 766 4098 illam
788 4043 1033 4126 νομαιανδριαν
1055 4038 1291 4105 excusationem
1315 4060 1355 4103 ne
1377 4058 1467 4104 acce-

140 4122 241 4212 peris.
253 4132 334 4193 ad
349 4131 424 4195 Αιι
445 4132 493 4193 V.
517 4088 576 4205 11,
602 4132 633 4193 7.
677 4128 743 4193 Alii
765 4131 883 4193 habent
904 4139 1099 4220 νομαιὸρία.
1141 4134 1467 4200 Adiicieurusutrius·

140 4245 201 4307 que
234 4225 328 4288 verbi
364 4223 664 4307 interpretationes,
702 4245 720 4287 a
753 4225 855 4288 doctis
890 4227 968 4290 viris
998 4228 1198 4311 propositas.
1248 4233 1467 4318 Nopaadptus

136 4319 397 4384 excusationem
417 4320 527 4385 dieunt
548 4339 618 4381 esse
641 4318 813 4403 legitimam
843 4342 880 4384 ac
906 4322 977 4385 viro
1002 4323 1141 4388 honesto
1158 4324 1303 4408 dignam,
1329 4344 1467 4406 occrspa·

137 4409 259 4474 ιὶοιιιιιι
296 4413 457 4478 videlicet.
521 4414 604 4477 Nam
635 4416 789 4477 adversae
824 4415 1012 4481 valetudinis
1046 4419 1210 4485 excusatio
1243 4419 1376 4484 mollior
1408 4429 1465 4482 est.

14 4588 16 4591 ι
140 4506 236 4568 Hane
264 4505 364 4590 igitur
398 4512 642 4595 (aopaadptas)
675 4509 911 4572 excusationem
941 4531 1004 4575 non
1027 4513 1097 4577 volt
1120 4512 1241 4596 accipi,
1273 4517 1363 4599 quod
1385 4511 1467 4578 nialla

134 4599 305 4681 occupatio
326 4612 413 4666 tanta
437 4603 498 4679 sit,
524 4614 559 4666 ut
583 4622 618 4667 se
634 4601 738 4685 possit
764 4624 781 4666 a
803 4603 979 4668 scribendis
1004 4608 1046 4673 ad
1069 4606 1214 4671 Atticum
1245 4600 1362 4673 litteris
1391 4626 1469 4673 avo·

134 4713 220 4756 care.
263 4692 314 4757 lta
339 4696 519 4761 Manutius.
563 4698 690 4781 Popma
712 4709 824 4762 contra
845 4686 1049 4787 νομανὸρίαν
1070 4700 1147 4765 dicit
1155 4722 1231 4766 esse
1252 4702 1464 4771 constantiam

133 4786 339 4854 Ciceronis''
329 4810 362 4852 ιιι
389 4790 600 4872 praefecturis
630 4792 851 4868 conferendis3
885 4814 949 4879 qua
980 4807 1159 4862 commotus
1190 4817 1256 4865 uon
1281 4795 1464 4882 scripsisset
