3202 5318
139 329 180 393 m
252 386 255 393 .
437 272 443 280 ⁵
720 323 870 392 mona

138 469 399 630 ρρρινᾶὅίᾰὸριτ,
434 468 624 535 solutionem
652 467 752 535 totius
780 464 934 547 bominis,
967 465 1155 549 appellatam
1177 464 1310 550 potat.'’
1355 468 1455 531 Tuae.

197 609 206 630 .
277 611 287 644 ,
357 609 366 628 .

764 750 834 831 M.

89 980 95 993 ι
223 940 403 1029 Μακάρων
429 944 543 1021 νῆσοι,
575 939 755 1004 &aarum
784 939 932 1003 insulae.
977 939 1016 1002 ad
1037 938 1109 1004 Art.
1130 938 1216 1002 XII.
1240 939 1278 1017 5,
1305 941 1337 1004 1.

225 1040 479 1124 Μακροψοχία,
519 1031 674 1126 affectio
710 1034 820 1098 animi
852 1032 1044 1118 longinquo
1077 1032 1276 1117 spectantis.
1336 1034 1465 1117 „Quam

143 1151 224 1194 vero
250 1137 489 1218 μικροψυχίαν
512 1127 613 1194 Conci
634 1129 736 1192 nostri
765 1131 897 1211 (putas)
920 1126 1045 1192 esse?”
1093 1130 1132 1190 ad
1152 1128 1226 1191 Ara.
1251 1126 1316 1191 lX.
1340 1130 1401 1204 11,
1431 1131 1462 1191 l.

142 1224 206 1289 Sed
232 1224 391 1288 Graevius
422 1244 498 1287 vere
524 1223 640 1287 iudicat
663 1222 709 1285 nil
734 1222 852 1290 certius
875 1242 944 1287 esse
966 1220 1184 1286 emendatione
1206 1221 1362 1306 Magnnti
1385 1225 1464 1306 apud

137 1319 337 1396 Munatium,
362 1339 456 1404 quam
482 1329 516 1381 et
536 1317 606 1401 ipse
632 1317 800 1382 Manutius
818 1319 997 1400 probabat:
1020 1321 1257 1404 μικροψυχίαν.
1302 1316 1388 1381 Nam
1403 1345 1463 1403 μιν·

137 1420 308 1499 κροψυχία
325 1432 480 1498 nusquam
503 1413 588 1495 apud
608 1413 752 1477 Graecos
776 1424 925 1476 auctores
950 1411 1093 1476 occrrrrit
1116 1421 1147 1475 et
1167 1411 1258 1474 locus
1279 1409 1461 1495 trecenario

138 1507 300 1572 desiderat
326 1512 568 1596 μικροψυχίαν.
621 1507 707 1571 Ena.
758 1505 859 1572 Coni.
889 1517 992 1569 tamen
1018 1505 1096 1569 Lib.
1134 1505 1237 1570 Vlll.
1254 1525 1309 1587 ep.
1340 1506 1401 1580 ss,
1428 1504 1459 1569 2.

137 1602 192 1665 ubi
221 1601 396 1684 Pompeius
422 1601 537 1665 dicitur
567 1622 583 1663 a
608 1600 712 1682 primo
738 1601 898 1685 cogitasse
920 1620 1055 1674 „omnes
1084 1611 1206 1675 terras,
1236 1596 1345 1666 omnia
1367 1597 1461 1662 maria

86 1691 89 1703 ’
139 1715 289 1773 movere,
314 1710 410 1780 reges
433 1695 591 1759 barbaros
616 1692 766 1771 incitare,
803 1707 913 1780 gentes
935 1693 1022 1757 ieras
1044 1706 1181 1759 armatas
1207 1693 1240 1757 in
1262 1692 1389 1757 ltaliam
1410 1693 1461 1757 ad·

138 1790 272 1866 ducere,
304 1789 467 1853 exercitus
492 1789 653 1853 confloere
679 1788 847 1852 maximos.
861 1789 879 1813 ''
924 1788 1029 1853 Etiam
1052 1809 1135 1874 quae
1154 1786 1305 1873 proxime
1324 1806 1461 1871 sequnn-

136 1892 191 1947 tur
210 1882 320 1947 favent
345 1882 475 1947 lectioni
497 1883 669 1967 volgatae:
707 1881 890 1957 „Nuntiant
913 1883 1102 1968 Aegyptum
1125 1894 1157 1946 et
1177 1883 1332 1948 Arabiam
1355 1887 1461 1953 εὐδαί-

134 2002 223 2062 μονα
240 1989 272 2040 et
291 1981 560 2060 Μεσοποταμίαν
575 1976 733 2060 cogitare.
744 1975 764 2004 ”

221 2072 318 2138 Μᾶλ’
343 2075 645 2159 ἀριστοκρατικῶς,
670 2074 776 2155 plane
797 2082 836 2134 ut
859 2071 1058 2154 optimatem
1080 2071 1188 2136 decet.
1234 2073 1345 2152 „Tum
1367 2072 1463 2137 Pota·

136 2165 227 2249 peius
254 2167 332 2251 μάλ’
362 2170 645 2256 ἀριστοκρατικῶς
676 2166 804 2229 locutus
833 2177 903 2241 est,
934 2178 1126 2251 senatusque
1156 2166 1380 2230 alletoritatem
1405 2163 1463 2230 sibi

137 2259 284 2323 omnibus
308 2261 340 2324 in
367 2263 464 2325 rebus
491 2259 654 2323 maximam
688 2259 790 2323 videri
813 2280 1001 2345 semperque
1028 2259 1126 2323 visam
1153 2279 1223 2323 esse
1245 2259 1412 2344 respondit
1432 2269 1462 2322 et

134 2353 169 2417 id
190 2353 295 2418 multis
318 2354 467 2418 verbis.”
489 2357 529 2417 ad
552 2355 624 2418 Aer.
649 2352 678 2418 1.
704 2356 762 2430 14,
788 2355 821 2417 2.

220 2451 362 2526 Μανία,
385 2449 536 2513 mannia.
583 2448 727 2530 „Graeci
750 2459 854 2511 autem
875 2459 1000 2533 μανίαν
1020 2452 1105 2513 unde
1128 2446 1305 2531 appellent,
1327 2468 1396 2512 non
1415 2446 1461 2511 1ο-

135 2541 195 2606 cile
223 2542 380 2607 dixerim:
419 2564 488 2606 eam
520 2555 624 2606 tamen
658 2542 759 2626 ipsam
789 2543 1011 2629 distinguimus
1044 2563 1104 2607 nos
1139 2542 1250 2607 malins
1274 2562 1370 2623 quana
1401 2541 1459 2606 illi.

135 2639 231 2702 Hanc
258 2637 340 2701 enim
363 2637 538 2713 insaniam,
570 2658 651 2722 quae
672 2639 779 2701 iuncta
803 2638 955 2701 stultitiae
980 2648 1068 2720 patet
1088 2637 1201 2714 latius,
1226 2659 1244 2701 a
1265 2635 1380 2700 furore
1400 2637 1461 2701 dis·

133 2729 306 2816 iungimus.
358 2731 476 2795 Gracci
498 2732 611 2795 veliunt
632 2730 679 2794 illi
701 2733 847 2815 quidem,
879 2734 936 2795 sed
953 2752 1065 2816 parum
1087 2733 1335 2796 valeatverbo:
1367 2752 1458 2820 qereo

137 2844 198 2890 nos
218 2825 381 2901 furorem,
405 2832 628 2909 μελαγχολίαν
641 2824 689 2889 illi
710 2825 868 2889 vocant.''
914 2827 1017 2891 Tuae.
1040 2826 1106 2890 111.
1131 2827 1167 2901 5,
1193 2828 1247 2889 11.
1275 2884 1278 2891 a

220 2919 388 2994 Μάντεις,
416 2930 524 2982 votes.
570 2919 808 2993 „Athenienses
837 2920 985 2985 omnibns
1007 2939 1135 3003 semper
1157 2920 1294 3003 publicis
1321 2922 1460 2988 consiliis

136 3009 263 3075 divinos
289 3015 443 3097 quosdam
470 3015 669 3090 sacerdotes,
698 3035 782 3100 quos
802 3015 934 3098 μάντεις
958 3026 1096 3089 vocant,
1127 3014 1383 3081 adhibuerunt.''
1425 3019 1463 3080 tle

138 3104 251 3170 Divin.
275 3107 306 3168 l.
329 3105 385 3183 43,
408 3108 461 3172 95.

222 3200 395 3280 Μαντική,
426 3201 605 3266 diuinatio.
652 3201 936 3282 ‚,Divinati0nern,
961 3224 1056 3289 quam
1083 3203 1202 3270 Graeci
1223 3207 1385 3289 μαντικήν
1409 3226 1465 3289 ap·

135 3292 274 3376 pellant,
301 3315 369 3359 esse
391 3295 548 3359 censeo.’'
593 3299 632 3359 de
654 3299 764 3383 Legg.
789 3297 839 3361 11.
865 3298 923 3371 13,
948 3298 1002 3361 32.
1025 3332 1067 3344 -
1112 3299 1241 3379 „Vetus
1264 3300 1377 3384 opinio
1397 3311 1460 3377 eat,

134 3386 195 3449 ianr
222 3408 325 3474 usque
353 3392 392 3452 ab
426 3389 566 3453 heroicis
596 3393 689 3453 dtrcta
720 3391 922 3475 temporibus
947 3412 1047 3476 eaque
1072 3403 1104 3454 et
1124 3392 1238 3475 populi
1267 3390 1409 3459 Romani
1434 3404 1464 3456 et

136 3480 276 3547 omnium
298 3482 439 3568 gentium
463 3482 588 3547 firmata
611 3505 788 3562 consensu,
820 3483 944 3548 versari
967 3488 1122 3570 qtrandam
1144 3486 1228 3549 inter
1252 3487 1400 3552 homines
1419 3486 1463 3551 di·

136 3575 349 3652 vinationent,
373 3598 466 3660 quam
490 3578 609 3641 Graeci
629 3581 789 3664 μαντικήν
812 3580 991 3663 appellant,
1015 3578 1132 3656 idest,
1155 3581 1418 3663 praesensionem
1432 3590 1462 3644 et

136 3670 298 3733 scientiam
320 3689 429 3736 rernm
450 3672 671 3736 suturarum.’'
715 3677 754 3736 de
775 3672 944 3739 nivini.
968 3677 1005 3748 1,
1039 3676 1068 3738 1.
1090 3709 1132 3721 —
1177 3674 1359 3759 ,Sequitur
1380 3703 1461 3762 μαν-

134 3766 207 3845 ram}
232 3775 361 3842 vestra,
385 3786 466 3849 quae
489 3766 606 3829 Latine
628 3765 782 3832 divinatio
809 3767 942 3843 dieitur,
972 3789 1035 3854 qna
1064 3776 1150 3832 tanta
1171 3768 1390 3834 imbueremur
1410 3788 1462 3834 sa-

132 3858 343 3942 perstitiona,
372 3859 399 3923 si
422 3881 483 3925 vos
513 3860 622 3924 aridire
649 3863 821 3940 vellemus,
846 3873 881 3925 ut
903 3863 1105 3947 haruspices,
1130 3884 1287 3949 augures,
1321 3864 1460 3940 harioli,

135 3965 228 4019 vates
253 3965 285 4016 et
302 3952 505 4019 coniectores
530 3953 625 4020 nobis
651 3967 757 4021 essent
784 3956 951 4021 colendi.'’
982 3960 1021 4020 de
1043 3958 1121 4022 Nat.
1144 3957 1250 4021 Deor.
1273 3958 1303 4023 1.
1325 3958 1384 4036 20,
1409 3960 1462 4024 55.

220 4049 354 4125 Μάντις
380 4051 409 4113 δ’
435 4048 582 4137 ἄριστος.
639 4051 877 4133 Supplendmn,
911 4062 946 4114 ut
971 4052 1112 4115 senarius
1129 4050 1256 4136 integer
1284 4053 1464 4117 habeatnrt

136 4143 228 4219 ὅστις
253 4144 371 4224 εἰκάζει
395 4149 510 4220 καλῶς.
564 4147 669 4210 Vates
696 4145 728 4208 is
749 4145 900 4228 optimus
910 4143 1055 4235 suerit,
1083 4145 1143 4230 qui
1164 4146 1248 4210 bene
1267 4146 1465 4213 coniecerit·

138 4237 201 4300 Est
221 4257 334 4302 versus
356 4257 398 4300 ex
420 4237 585 4321 deperdita
610 4237 777 4321 Euripidis
804 4237 985 4325 tragoedia.
1037 4239 1124 4304 Huic
1152 4240 1234 4304 enim
1256 4240 1371 4305 tribuit
1396 4262 1465 4304 eum

139 4330 333 4396 Plutarchus
357 4334 398 4396 de
419 4332 547 4396 deiectu
567 4333 772 4397 oraculorum
793 4345 857 4397 cet.
893 4336 935 4399 T.
960 4335 990 4398 Ι.
1013 4356 1048 4418 p.
1073 4335 1147 4399 768.
1164 4337 1216 4398 ed.
1241 4334 1357 4418 Steph.
1380 4335 1465 4401 Ean.

140 4423 221 4488 Vid.
244 4426 360 4509 Eurip.
383 4427 517 4513 Fragm.
541 4427 604 4494 ine.
627 4429 812 4492 LXXXV.
836 4427 937 4494 Diod.

222 4521 519 4607 Μεὲιαρμόσομαι,
553 4523 787 4599 commutabo,
828 4522 877 4585 ad
910 4524 1000 4587 olias
1032 4544 1205 4607 personna
1233 4521 1466 4616 transferam.

137 4657 153 4687 „
166 4610 219 4676 De
233 4611 379 4694 Epicuro
403 4626 438 4679 ut
456 4616 568 4682 voles:
594 4617 652 4682 etsi
673 4618 933 4706 pebeepdeopere
955 4617 1167 4702 inposterum
1186 4638 1288 4702 geum
1308 4619 1375 4682 boc
1392 4636 1467 4700 ptr·

137 4705 332 4769 sonarum.”
376 4711 417 4772 ad
438 4713 511 4775 Att.
534 4712 619 4776 Xll.
644 4713 700 4789 12,
730 4713 760 4780 2.
785 4744 827 4758 -
875 4714 990 4777 Sermo
1017 4725 1065 4776 est
1091 4715 1131 4776 de
1159 4710 1299 4795 dialogis
1321 4710 1465 4793 philoso-

138 4797 263 4882 phiris,
286 4818 370 4884 quos
390 4803 593 4889 retingebat,
617 4816 650 4869 et
665 4806 743 4871 alias
765 4826 920 4890 personas
944 4805 1130 4882 inducebam
1153 4816 1190 4871 nt
1206 4805 1240 4870 iu
1261 4804 1462 4872 amida
