3202 5318
577 370 728 439 INDEX
749 372 930 440 LEGUM.
1355 380 1415 448 251

92 508 166 583 οὐδ’
174 507 343 625 ᾐσχύνθη
363 520 423 600 μὲν
446 508 518 581 τότε
541 515 681 581 τοιαῦτα
677 507 854 624 uypeiurne,
886 504 1023 602 ὕστερον
1049 515 1084 585 δὲ
1113 510 1152 582 oei
1178 520 1290 612 πολλῷ
1311 515 1420 632 Ηαὐτός

91 634 127 677 re
148 604 208 691 τὴν
230 608 412 696 'Iplqpinu'
396 633 434 716 ιςΙ
448 610 541 674 αὲντι
563 604 690 673 ἄλλα
671 631 725 689 een
747 604 872 692 λαβὼν,
901 614 957 674 καὶ
986 633 1030 700 τῳ
1016 609 1216 723 ’,Καίσαρι
1223 588 1280 680 zai
1300 608 1420 685 ἆττὸντι

91 698 230 815 αἰτῆσαι
246 699 305 784 τὴν
319 697 494 782 ὑπατεῖαι,
518 691 624 790 ὥσπερ
639 697 810 815 ἐψήφιστο
825 697 951 783 δούς.
911 706 1158 814 .αροσέγραψε
1178 701 1242 792 γὰρ
1263 707 1308 798 τῷ
1328 704 1419 803 νόμω

90 795 129 865 τὸ
148 792 268 885 μόνοις
289 792 371 863 αὐτο
358 792 501 878 ἐξεῖναι
515 800 637 874 ποιεῖν,
658 789 708 874 οἷς
721 793 763 862 cir
776 792 937 884 ὀνομαστὶ
952 802 1053 864 τεκαὶ
1068 792 1223 885 ἄντικρυς
1237 774 1418 915 ἐπιτραπῇ.

87 894 220 1001 διέφερε
241 886 273 957 0²
297 886 393 958 οὐδὲν
414 891 512 957 τοῦτο
534 913 593 956 τον
578 884 694 976 μηδ’
718 884 822 978 ἀρχὴν
842 887 1070 959 κεκαλὺσθαι.
1097 886 1228 970 πάντας
1247 888 1312 984 γὰρ
1334 889 1369 961 οῗ
1386 920 1420 966 τι

86 980 286 1149 ἒννᾶμτὲοί
293 990 364 1144 κὲτὲ
376 987 476 1051 ἐκεῖνο
505 982 731 1078 ψηφισθῆναι
760 985 856 1077 σφίσι
885 976 1143 1077 διαπράξασθαι
1165 984 1307 1072 ἔμελλον.
1348 986 1419 1055 Dio

118 1101 172 1145 aas

175 1172 393 1248 Acciderat,
428 1183 461 1235 ut
487 1171 514 1236 is
541 1171 621 1253 (Cn.
648 1172 849 1280 Pompeius)
879 1173 983 1261 legem
1010 1172 1089 1236 de
1078 1195 1149 1238 rure
1176 1173 1419 1262 magistratuum

87 1269 218 1345 ferens,
241 1289 290 1369 ‘eo
312 1266 432 1351 capite,
464 1288 529 1353 quo
552 1288 568 1330 a
591 1265 745 1350 petitione
767 1269 927 1333 honorum
949 1270 1096 1332 absentes
1117 1270 1350 1348 submovebat,
1380 1293 1419 1337 ne

89 1344 263 1431 Caesarerir
268 1362 424 1469 mquidem
435 1358 614 1443 exciperet,
639 1383 699 1445 per
719 1360 935 1426 oblivionem:
959 1382 997 1425 ac
1018 1382 1113 1440 mox,
1137 1362 1241 1450 lege'
1231 1386 1293 1429 ram
1315 1365 1347 1429 in
1365 1388 1420 1433 aee

89 1456 188 1522 incisa
211 1467 242 1520 et
267 1452 298 1519 in
322 1454 477 1519 aerarium
501 1453 645 1532 condita,
669 1455 851 1541 corrigeret
871 1459 1042 1567 errorem!
1045 1458 1212 1524 '.Sueton
1236 1459 1299 1527 lul.
1321 1460 1419 1529 Caes.

90 1574 167 1637 cap.
190 1551 244 1617 28.

143 1640 292 1727 „Idem
308 1643 388 1724 (Cn.
405 1644 604 1728 Pompeius)
619 1641 714 1708 tertio
730 1643 896 1708 consulatu
917 1645 1097 1723 contendit,
1122 1657 1157 1710 ut
1171 1648 1279 1712 &cern
1301 1646 1422 1715 tribuni
1527 1708 1530 1713 ,

90 1690 198 1825 plebis
220 1738 363 1815 ferrent,
387 1750 420 1801 ut
443 1738 582 1803 absentis
604 1736 782 1819 (Caesaris)
804 1738 887 1804 ratio
913 1740 1103 1804 haberetur·
1138 1744 1228 1827 quod
1249 1741 1329 1806 idern
1351 1741 1420 1827 ipse

88 1833 198 1899 sanxit
227 1834 299 1919 lege
327 1836 461 1918 quadam
490 1854 546 1896 sna
569 1832 752 1917 Marcoque
776 1832 935 1898 Marcello
957 1834 1080 1899 consuli
1102 1834 1222 1899 linienti
1245 1835 1420 1920 provinciis

90 1926 208 1997 Galliis
230 1929 444 1993 Kalendarum
468 1927 661 1992 Martiarum
684 1928 765 1991 diem
787 1926 937 1994 restitit.n
971 1931 1011 1992 ad
1031 1930 1105 1994 An.
1130 1930 1233 1995 VIII.
1257 1930 1297 2009 3,
1321 1931 1354 1996 3.
1378 1962 1421 1979 -·

88 2021 192 2090 Coni.
216 2021 359 2106 Philipp.
384 2023 433 2087 11.
459 2024 510 2086 10.

505 2184 656 2248 Poncran
680 2182 721 2246 de
741 2182 1026 2265 provocatione.
1117 2202 1121 2215 ¹

175 2304 288 2381 ,Idem
319 2307 374 2386 (P.
403 2304 586 2385 Valerius),
621 2304 653 2368 in
683 2325 747 2387 quo
774 2304 832 2368 luit
858 2304 1028 2386 Poplicola
1056 2302 1210 2381 maxime,
1245 2306 1348 2392 legem
1380 2310 1421 2373 ad

88 2401 247 2485 populum
271 2400 340 2463 tulit
364 2422 451 2475 eam,
486 2421 566 2484 qnae
594 2397 777 2463 centuriatis
804 2397 942 2462 comitiis
967 2397 1068 2480 prima
1098 2397 1159 2461 lata
1189 2411 1255 2474 est,
1286 2400 1421 2487 nequis

89 2493 297 2580 magistratus
318 2493 417 2558 ciuem
441 2495 620 2559 Romanum
640 2495 793 2556 adversus
816 2493 1080 2574 provocationem
1101 2504 1227 2555 necaret
1247 2515 1327 2558 neve
1347 2517 1420 2560 rer·

90 2591 234 2652 beraret.
280 2589 552 2653 Provocationem
575 2598 679 2650 autern
706 2587 800 2651 etiam
823 2609 839 2649 a
862 2587 993 2671 regibus
1017 2585 1134 2662 fuisse,
1160 2586 1322 2650 declarant
1338 2608 1420 2670 pon·

92 2680 182 2747 tilicii
205 2681 296 2757 libri,
321 2681 499 2766 significant
523 2680 623 2745 nostri
647 2679 739 2743 etiarn
762 2682 950 2765 augurales:
976 2678 1113 2763 itemque
1134 2683 1174 2743 ab
1198 2680 1282 2745 omni
1301 2679 1421 2747 indicio

93 2798 263 2862 poenaque
285 2776 459 2858 provocari
482 2777 594 2851 licere,
618 2775 756 2838 iudicant
778 2776 860 2840 XII.
883 2775 1010 2838 tabulae
1031 2773 1252 2856 compluribus
1274 2776 1419 2862 legibusa

93 2883 149 2947 ut,
174 2873 261 2953 quod
283 2869 445 2952 proditum
469 2869 619 2933 memoria
643 2882 709 2944 est,
733 2872 779 2934 X.
805 2869 909 2940 uiros,
934 2869 988 2953 qni
1011 2869 1098 2954 leges
1121 2869 1324 2950 scripserint,
1353 2868 1420 2934 siue

91 2964 329 3048 provocatione
353 2977 497 3035 creatos,
522 2965 597 3026 satis
622 2963 813 3037 ostenderit,
845 2963 988 3048 reliquos
1010 2963 1078 3027 sine
1101 2965 1334 3045 provocatione
1358 2986 1422 3027 ma·

92 3059 249 3145 gistratus
278 3080 340 3121 uon
370 3059 485 3120 sitisse:
524 3056 682 3140 Luciique
713 3057 833 3120 Valerii
864 3056 964 3121 Potiti
995 3069 1026 3120 ct
1051 3058 1101 3122 Ill.
1124 3058 1252 3121 HoratIi
1275 3059 1419 3135 Barbati,

91 3152 254 3217 horrrinum
275 3153 467 3216 concordiae
489 3173 581 3214 cansa
604 3151 763 3234 sapienter
787 3152 1006 3233 popularium,
1031 3152 1208 3217 consularis
1230 3152 1281 3215 lex
1302 3154 1418 3231 sanxit,

91 3270 131 3311 nc
159 3246 214 3328 qni
248 3245 450 3330 magistratus
475 3245 542 3308 sinc
574 3247 807 3326 provocatione
838 3259 1015 3309 crearetur.
1072 3249 1185 3331 Neque
1219 3268 1300 3312 vcro
1331 3248 1421 3333 leges

90 3343 255 3416 Porciae,
280 3363 367 3425 quoe
382 3353 449 3403 tres
464 3351 544 3402 seint
559 3341 665 3403 trium
680 3340 903 3415 Porciorum,
930 3353 962 3402 nt
978 3339 1080 3430 scitis,
1107 3339 1277 3424 quicquam
1293 3354 1421 3425 praeter

91 3438 287 3499 sanctionem
311 3436 484 3497 attulerunt
507 3435 618 3497 novi.'’
662 3437 700 3496 dc
725 3436 807 3515 Rep.
835 3434 883 3498 ll.
907 3435 966 3508 31,
992 3437 1046 3499 dl.

180 3529 245 3592 Hic
275 3552 354 3591 rinus
382 3531 469 3591 locus
501 3541 563 3604 est,
596 3527 626 3589 in
656 3550 721 3612 qno
749 3540 821 3591 tres
852 3529 992 3592 Porciae
1016 3529 1103 3614 leges
1125 3531 1164 3592 de
1186 3528 1420 3612 provocatione

95 3636 325 3696 memorantur,
351 3645 421 3685 cum
444 3636 474 3686 et
492 3622 609 3687 Cicero
633 3623 705 3684 alibi
729 3635 760 3685 et
782 3622 881 3685 ceteri
902 3622 1098 3706 scriptores,
1117 3623 1268 3686 utstatim
1286 3622 1419 3702 ridebis,

95 3719 223 3782 nonnisi
245 3739 350 3781 renam
373 3717 531 3781 Porcium
554 3716 699 3779 laudent:

522 3878 651 3939 Puncta
674 3877 714 3938 de
733 3877 990 3959 prouocatione.

183 4054 200 4083 „
211 4000 264 4064 M.
287 3998 439 4063 Valerius
462 3999 573 4061 consul
597 4000 635 4060 dc
662 3992 895 4081 provocatione
918 4000 1021 4083 legem
1048 4000 1118 4062 tulit
1143 3998 1326 4084 diligentins
1348 4019 1420 4063 san·

93 4106 190 4158 ctam.
215 4130 230 4144 ·
253 4129 266 4143 ·
290 4127 304 4144 ·
348 4093 476 4159 Porcia
498 4104 598 4154 tamen
630 4092 681 4155 lex
715 4093 782 4155 sula
817 4114 877 4175 pro
906 4105 1001 4177 tergo
1031 4093 1147 4157 civium
1181 4093 1243 4155 lata
1277 4091 1419 4167 videtur,

93 4192 180 4272 quod
213 4187 304 4272 gravi
334 4208 457 4268 poena,
493 4185 519 4248 si
549 4185 618 4269 quis
649 4188 850 4250 verberasset
880 4198 1062 4251 necassetve
1090 4189 1191 4251 ciuem
1222 4188 1418 4263 Romanum,

92 4283 210 4346 sanxit.
255 4281 387 4345 Valeria
417 4282 468 4343 lex
499 4303 568 4341 cunr
600 4300 668 4342 enm
701 4280 753 4364 qui
784 4294 994 4363 provocasset
1018 4281 1121 4367 virgis
1144 4281 1233 4344 caedi
1255 4278 1420 4361 securique

91 4376 198 4439 aerari
223 4376 393 4450 vetuisset,
418 4375 444 4438 si
468 4374 536 4459 quis
561 4376 713 4437 adversus
735 4396 769 4436 ea
792 4375 937 4448 fecisset,
964 4376 1037 4438 nilril
1060 4379 1253 4459 ultraquam
1275 4374 1421 4456 improbe

92 4471 209 4533 lacteum
231 4470 379 4533 adierit.'’
401 4471 479 4531 Liv.
504 4471 549 4532 X.
575 4470 606 4531 9.
631 4502 671 4512 -
706 4468 948 4546 ,eramubrem
977 4468 1006 4529 in
1030 4469 1215 4532 sententiam
1244 4490 1309 4531 non
1336 4467 1422 4533 addi·

92 4564 181 4639 disti,
208 4563 253 4626 uti
270 4565 359 4645 prius
377 4564 562 4625 verberibus
579 4563 609 4623 in
625 4583 681 4624 eos
697 4561 1023 4624 animadverteretur?
1047 4565 1118 4638 An,
1137 4562 1208 4648 quia
1225 4562 1276 4626 len
1296 4561 1422 4629 Porcio

94 4657 204 4721 vetat?
239 4663 283 4722 At
306 4658 385 4721 aliae
411 4659 498 4740 leges
521 4655 595 4719 item
620 4655 834 4719 condemnatis
865 4654 987 4717 civibus
1014 4656 1146 4721 animant
1172 4680 1236 4722 non
1260 4657 1340 4740 eripi
1364 4656 1421 4720 sed

95 4752 241 4816 exsilium
271 4752 409 4834 permitti
440 4750 583 4815 iubent.''
631 4751 747 4813 Salust.
773 4747 867 4815 Catil.
890 4751 948 4825 51,
974 4750 1024 4816 22.
1057 4789 1098 4803 -—
1141 4754 1344 4838 „Postquam
1367 4771 1420 4814 res

96 4844 223 4928 publiea
246 4845 387 4910 adoleuit
409 4858 440 4909 et
469 4845 664 4908 multitudine
690 4844 804 4908 civium
831 4843 986 4909 IactInnes
1013 4845 1157 4923 valuere,
1188 4843 1420 4912 circumvenire
