3202 5318
549 341 701 409 lunax
721 344 906 413 Ludunt.
1327 352 1390 418 203

63 493 195 566 posset,
230 482 364 546 tribules
390 504 409 546 a
435 482 603 550 candidato
627 486 873 549 decoriabantur
901 488 1107 572 populusque
1136 491 1389 573 describebatur,

61 579 110 642 its
138 589 175 641 ut
202 577 375 661 nnicrriqne
404 577 558 653 sodalium
589 592 675 642 certa
704 601 780 662 pars
812 581 914 644 tribus
948 595 979 645 et
1006 584 1121 665 poprrli
1150 585 1390 670 adsignaretur,

62 672 154 736 caius
182 684 218 735 nt
240 670 395 756 suffragia
421 674 606 736 candidatus
631 672 750 750 ferret,
786 694 987 759 quocumque
1017 668 1115 742 m'odo
1144 682 1271 743 efficere
1296 666 1394 746 debe*-

61 770 154 831 bant.
198 767 284 829 Vide
308 786 389 849 qrrae
412 766 442 828 in
461 766 641 831 Commeat.
665 771 706 831 ad
729 770 827 832 rerba
850 766 893 833 G.
908 770 1049 835 XVIII.
1072 777 1104 850 §.
1122 773 1177 837 ld.
1199 775 1392 843 decuriatio

61 861 260 937 tribulium,
284 860 470 944 descriptio
490 862 609 944 populi
631 862 794 926 adnotavi.

149 956 263 1038 Itaque
288 954 321 1016 in
343 953 522 1019 istiusmodi
545 956 701 1032 comitiis,
735 957 904 1042 inquibus
930 959 1088 1024 candidati
1113 952 1393 1047 sodaliumopera

62 1053 105 1114 ad
125 1052 370 1133 consequendos
392 1050 533 1112 honores
559 1053 749 1128 utebantur,
771 1051 939 1117 multitudo
965 1066 1113 1119 nontam
1136 1057 1277 1140 acceptis
1303 1080 1394 1123 num·

62 1144 124 1209 mis
147 1144 277 1219 adduci,
312 1164 405 1228 qulam
434 1143 467 1206 ri
492 1143 568 1229 cogi
588 1146 730 1221 solebat,
766 1156 801 1208 ut
825 1146 1018 1223 candidatis,
1052 1149 1109 1234 qui
1134 1152 1299 1216 sodalibus
1319 1166 1395 1217 ute·

61 1242 197 1317 bantur,
222 1241 396 1312 bonorem,
418 1257 515 1323 quiem
538 1241 711 1320 petebant,
733 1242 907 1305 mandaret.

149 1334 201 1399 De
223 1332 359 1396 veritate
380 1331 449 1407 rei,
473 1353 566 1416 qulam
585 1334 740 1416 exposui,
764 1336 969 1417 persuadebit
984 1336 1064 1414 sibi,
1088 1337 1142 1423 qni
1161 1340 1222 1404 bos
1236 1340 1393 1407 orationis

62 1429 257 1495 Plancisnas
288 1428 380 1491 locos
413 1431 537 1490 adtente
571 1429 758 1513 perlegerit.
795 1428 838 1495 C.
867 1431 987 1494 XXII.
1017 1437 1049 1509 5.
1083 1434 1138 1498 st.
1180 1436 1277 1501 Nam
1300 1438 1395 1521 quod

60 1535 204 1610 quastus
231 1544 287 1598 es,
315 1523 430 1606 pluris
457 1535 491 1585 te
518 1522 618 1586 testis
642 1524 766 1587 babare
795 1525 837 1587 ds
867 1525 1022 1590 Voltinia
1047 1548 1152 1611 quam
1179 1540 1263 1613 quot
1292 1529 1330 1593 in
1350 1552 1395 1595 ea

59 1617 156 1683 tribas
180 1631 311 1701 puncto
335 1617 477 1681 ruderis.
510 1620 549 1680 ad
578 1638 662 1701 qnae
691 1618 884 1681 conferenda
916 1639 997 1702 quse
1023 1619 1056 1682 iu
1084 1618 1214 1686 Coum.
1243 1625 1392 1706 exposui.

61 1714 104 1780 C.
127 1712 264 1777 XVIII.
285 1717 317 1787 §.
341 1713 393 1776 rt.
417 1733 524 1798 neque
545 1715 610 1776 lroc
631 1712 749 1775 liberis
771 1712 901 1777 nostris
923 1713 1248 1793 interdicendum,
1272 1738 1315 1781 ns
1334 1719 1394 1783 ob-

60 1819 200 1871 seruent
214 1808 351 1870 tribrdis
367 1830 467 1884 suos,
492 1829 534 1870 ne
548 1806 713 1891 diligant,
738 1829 780 1871 ne
794 1807 968 1876 conticere
981 1810 1189 1874 necessariis
1202 1811 1278 1875 suis
1293 1816 1396 1877 suom

60 1902 189 1966 tribum
208 1903 363 1984 possint,
398 1924 439 1966 ne
462 1924 531 1986 par
556 1902 600 1965 alr
620 1903 666 1966 iis
689 1923 812 1965 rnunus
840 1902 878 1965 in
901 1923 968 1965 sua
991 1903 1161 1987 petitione
1185 1919 1390 1990 respectent.
1449 1970 1455 1983 ,

62 1995 101 2062 C.
125 1997 228 2061 XIX.
252 2002 282 2074 §.
304 1997 358 2058 ld.
402 2001 482 2081 Ego
510 1997 706 2072 Plancium,
742 1996 956 2070 Laterensis,
990 2009 1025 2060 et
1056 1997 1169 2080 ipsum
1195 2003 1393 2085 gratiosscm
1455 2054 1458 2061 .

61 2111 134 2155 sess
164 2090 242 2154 dico
271 2103 305 2154 et
326 2092 486 2154 habscisse
518 2091 555 2154 in
589 2091 756 2175 petitione
788 2093 914 2153 multos
942 2091 1087 2173 cupidos
1113 2093 1174 2155 sui
1198 2095 1395 2178 gratiososr

61 2206 146 2271 prens
175 2196 215 2248 tu
240 2185 273 2248 si
305 2186 439 2249 sodalis
466 2205 586 2258 noem,
620 2183 816 2273 rrffieiosam
846 2184 1038 2248 amicitiam
1064 2185 1203 2249 nomine
1230 2187 1393 2273 martinas

61 2278 266 2354 criminosos
288 2280 362 2356 sin,
387 2280 471 2365 quia
487 2279 637 2363 gratiosi
657 2277 747 2351 sint,
771 2278 1004 2341 ocenssandos
1019 2290 1145 2360 penas,
1167 2280 1240 2343 noli
1254 2282 1391 2358 mirari,

61 2385 93 2436 te
113 2374 168 2450 id,
191 2374 287 2459 quod
309 2385 373 2437 tua
393 2375 550 2456 dignitas
566 2371 776 2456 postularit,
800 2370 1025 2452 repudiandis
1048 2372 1285 2456 gratiosorum
1306 2366 1396 2438 arni·

63 2467 154 2531 ritiis
179 2488 249 2531 non
276 2488 350 2531 esse
378 2468 589 2532 adsecutum.
630 2470 708 2532 lom
734 2477 773 2528 nt
798 2485 864 2549 ego
887 2464 1008 2543 doceo,
1042 2467 1241 2549 gratiosum
1267 2468 1305 2530 in
1329 2488 1396 2531 saro

62 2562 154 2625 tribu
164 2562 354 2638 Plancr'rsm,
372 2563 464 2646 quod
483 2563 600 2625 multis
618 2561 762 2645 benigne
771 2559 921 2651 feccrit,
936 2581 1004 2643 pro
1023 2562 1140 2624 multis
1158 2558 1400 2642 spoponderit,

63 2655 97 2718 in
110 2676 238 2737 operas
248 2658 432 2739 plurumos
444 2656 559 2739 patris
573 2655 782 2719 auctoritate
800 2666 834 2717 et
847 2654 967 2734 gratia
977 2647 1122 2729 mi'ssrit,
1139 2654 1233 2739 quod
1250 2655 1394 2740 danique

64 2750 221 2813 omnibns
241 2748 371 2837 ficiis
391 2772 454 2831 per
475 2771 531 2824 se,
558 2771 623 2832 per
641 2744 797 2832 patrem,
818 2771 884 2832 per
906 2749 1056 2812 maiores
1078 2768 1162 2813 suos
1182 2760 1294 2811 totam
1315 2750 1393 2815 Aet·

64 2854 178 2907 uatem
197 2844 462 2935 praefecturam
475 2843 777 2927 conprehenderit:
797 2842 850 2906 sic
861 2853 901 2905 tu
914 2842 1015 2919 doce,
1039 2840 1393 2934 mqueetremfuisss,

65 2939 230 3022 largitum
252 2961 344 3015 esse,
369 2939 633 3021 conscripsisse,
664 2937 803 3001 tribulis
824 2937 1034 3001 decuriasse.
1081 2938 1156 3016 Quo
1179 2934 1210 2997 in
1236 2936 1311 3001 loco
1338 2940 1394 3001 ad·

66 3036 251 3096 tendendum
285 3037 325 3095 ad
357 3034 519 3117 egregiam
556 3033 695 3097 oratoris
726 3044 841 3105 artem,
881 3053 943 3114 qua
976 3030 1111 3112 cupidos
1145 3042 1265 3093 tantum
1292 3031 1394 3096 luisse

66 3126 177 3191 Planci
202 3140 233 3190 et
260 3131 422 3213 gratiosos
446 3130 552 3190 studet
574 3128 796 3207 conprobare,
821 3146 903 3210 quos
930 3146 994 3189 non
1021 3124 1181 3187 dubiumst
1203 3124 1278 3209 qrrin
1305 3139 1394 3191 recto

67 3222 249 3285 Laterensis
273 3223 391 3285 sodalis
411 3222 511 3285 iuuisse
536 3221 665 3285 dixerit.

149 3318 217 3380 Iam
246 3328 378 3401 utraque
404 3315 571 3378 ambeundi
592 3316 675 3378 ratio
702 3314 760 3377 etsi
781 3314 962 3397 periculosa
990 3313 1206 3396 reipublicae
1233 3326 1321 3391 erat,
1346 3300 1395 3379 tii

67 3432 134 3474 men
169 3410 320 3473 maiorem
350 3410 378 3473 ei
409 3410 610 3484 candidatos,
646 3408 702 3493 qui
729 3430 899 3491 operarum
930 3430 1040 3471 maures
1071 3410 1110 3470 ad
1140 3410 1201 3472 vim
1234 3412 1393 3486 emebant,

67 3526 158 3589 quam
185 3504 241 3588 qui
273 3506 342 3568 sola
369 3505 539 3588 largitione
567 3504 723 3585 populum
749 3505 1016 3584 corrumpebant,
1051 3502 1180 3566 adlerrc
1205 3502 1394 3584 perniciem,

67 3618 130 3663 non
148 3611 279 3682 poterat
305 3602 477 3662 obscurum
500 3619 583 3661 esse.
629 3597 842 3661 Nihilominus
867 3597 918 3658 diu
944 3596 974 3658 in
1002 3596 1240 3680 qrraestionibus
1266 3598 1306 3660 de
1326 3618 1395 3661 am-

65 3691 132 3755 bitu
159 3693 245 3755 nulla
269 3693 457 3757 discriminis
482 3692 566 3755 illius
589 3693 769 3753 habebatur
792 3690 893 3764 ratio,
928 3711 987 3752 nec
1010 3691 1108 3753 maius
1141 3692 1221 3772 [scr.
1244 3692 1393 3773 minusJ,

65 3787 119 3872 qui
142 3786 331 3871 largitione,
361 3809 452 3871 qulam
476 3787 523 3862 ei,
556 3785 611 3868 qui
636 3784 670 3847 ri
695 3785 808 3867 populi
838 3784 989 3869 suffragia
1017 3797 1208 3847 consecutus
1228 3797 1314 3860 erat,
1346 3785 1396 3849 in·

63 3882 225 3962 pendebat
245 3881 433 3964 periculum.
480 3882 621 3942 'l'andem
644 3901 714 3940 cerm
735 3879 928 3942 intellectum
949 3889 1049 3954 esset,
1073 3889 1194 3961 queanto
1218 3879 1290 3959 plus
1315 3879 1396 3940 haee

64 3977 163 4039 altera
195 3976 362 4039 ambeundi
392 3976 475 4039 ratio
504 3977 542 4036 ad
564 3975 766 4035 evertendam
790 3973 1017 4054 rempublicam
1043 3971 1225 4044 conierrct,
1260 3981 1396 4033 exeunte

64 4069 195 4134 saecsrlo
218 4081 366 4150 septumo
388 4068 518 4155 gravius
544 4067 653 4130 ineos
678 4068 824 4131 exerceri
849 4065 996 4129 iudicium
1019 4065 1145 4149 coepit,
1169 4065 1225 4150 qui
1240 4064 1395 4128 sodalium

65 4184 166 4248 opera
189 4165 329 4227 bonores
351 4163 516 4228 consecuti
538 4181 609 4224 esse
631 4164 860 4243 arguebantur.

149 4258 284 4323 Factrrm
313 4259 343 4321 id
371 4270 419 4321 cst
448 4259 519 4339 lege
542 4254 665 4319 Licinia
692 4258 731 4318 de
752 4254 933 4330 sodaliciis,
970 4275 1052 4339 quiae
1077 4254 1144 4336 ipsa
1177 4265 1212 4315 ut
1234 4252 1394 4329 ferretur,

65 4364 194 4418 senatus
223 4366 337 4417 arrctor
360 4352 419 4417 luit
449 4352 525 4431 (cir.
557 4351 670 4414 Plane.
699 4349 740 4413 C.
768 4351 852 4413 XV.
884 4349 993 4427 §.dd
1018 4344 1396 4423 tt.c.xv1.§.t⁹.

66 4462 150 4513 extr.
186 4447 229 4513 C.
259 4450 378 4514 XVII.
408 4455 439 4525 §.
469 4449 523 4509 tt.
559 4445 600 4510 C.
629 4445 767 4509 XVIII.
796 4448 829 4519 §-
861 4445 914 4507 tt.
938 4444 1007 4522 db.)
1029 4444 1085 4527 quai
1110 4444 1170 4505 iarn
1199 4462 1282 4506 anno
1307 4454 1393 4518 ante,

64 4545 227 4609 referente
244 4541 404 4607 Cicerone
427 4546 465 4605 sd
488 4543 531 4624 Q.
557 4542 613 4603 Fr.
638 4540 686 4604 II.
708 4541 745 4615 3,
769 4540 802 4602 6.
825 4542 1030 4613 decreverat,
1055 4549 1094 4600 ut
1115 4537 1317 4601 sodalitates
1338 4538 1396 4602 ds·

65 4638 260 4722 curiatiqus
281 4638 511 4711 discederent,
535 4639 659 4720 lexque
681 4634 723 4698 de
744 4634 789 4698 iis
798 4632 988 4725 serretur,
1010 4644 1068 4708 ut,
1096 4631 1158 4717 qui
1177 4652 1247 4697 non
1269 4632 1396 4697 dism-

66 4731 211 4805 sissent,
233 4752 277 4794 so
294 4752 425 4814 poena,
449 4750 539 4815 quas
559 4740 612 4795 est
634 4729 675 4792 de
696 4728 748 4803 ui,
772 4736 984 4792 tenerentur.

151 4826 270 4910 ltaque
299 4826 363 4888 lata
390 4825 452 4888 bac
481 4824 570 4907 lege,
604 4822 661 4910 qui
688 4824 845 4889 bonorem
878 4821 1133 4901 adlectsrsrant,
1167 4822 1219 4889 bis
1246 4833 1397 4909 poterant
