3202 5318
128 350 169 417 96
710 338 861 407 INDEX

129 495 170 556 ad
191 501 223 555 tc
244 485 463 561 retractatius,
487 496 517 548 ct
537 482 662 570 quidem
681 485 865 565 ἀρχέτυπον
886 477 989 564 ipsum
1014 473 1135 540 crebris
1157 473 1236 541 locis
1260 475 1450 543 inculcatum

129 598 161 650 et
181 581 377 649 relectum.’'
420 580 460 643 ad
482 580 554 643 Au.
578 577 679 642 XVl.
703 577 744 651 3,
769 575 801 637 1.

214 677 372 755 Σύνταξις
398 673 419 739 ἰ.
447 696 481 761 q.
509 668 694 757 σύνταγμα.
749 668 862 743 „illam
891 662 1141 750 Ἀκαδημαῢιὴν
1169 660 1325 747 σύνταξιν
1353 680 1450 734 lotam

130 775 169 836 ad
194 771 378 834 Varronem
402 767 635 831 traduximus.’'
680 766 718 826 ad
746 765 818 827 Att.
843 761 946 825 XIII.
976 761 1034 838 16,
1072 764 1104 824 1.
1127 796 1169 809 -
1223 762 1313 837 „no
1340 762 1452 829 litteris

129 865 256 950 scriptis
278 886 327 928 tue
350 864 391 926 ul
413 857 578 940 συντάξεις
600 858 711 922 dedi.''
757 859 795 919 ad
821 857 890 921 All.
909 855 993 920 XV.
1018 857 1077 930 11,
1101 856 1133 918 lt.
1194 850 1202 863 ⁸

213 959 285 1026 Σύν
311 985 343 1024 τε
368 957 417 1023 ot·
442 967 613 1043 ἐρχομένω.
659 950 874 1034 supplendum
901 971 941 1012 en
963 949 1099 1013 Homeri
1121 948 1213 1017 Iliad.
1235 956 1274 1029 ie,
1299 952 1376 1017 911.
1398 965 1453 1020 καὶ

130 1081 162 1121 re
187 1054 252 1141 πρὸ
277 1055 297 1119 ὅ
320 1056 377 1118 τοῦ
396 1051 529 1130 ἐνόησεν
542 1051 676 1123 Ὅππως
701 1051 813 1127 κέρδος
829 1042 875 1130 ἔῃ.
925 1044 1071 1108 Duobus
1096 1043 1201 1108 simul
1223 1046 1385 1113 euntibus
1405 1050 1454 1112 ol.

77 1178 80 1183 ·
131 1161 184 1212 ter
206 1151 354 1212 alterum
371 1144 561 1230 praeuertit
576 1140 762 1226 cogitando
777 1136 870 1223 qnod
889 1160 908 1200 e
929 1160 967 1201 re
988 1137 1046 1201 sit.
1070 1138 1110 1202 ad
1135 1138 1206 1201 Art.
1224 1139 1289 1205 IX.
1313 1142 1345 1221 6,
1366 1147 1399 1205 b.
1413 1177 1453 1190 -

131 1241 316 1325 „Volebam
353 1261 457 1322 prope
488 1236 603 1301 alicubi
633 1257 702 1298 esse
731 1246 781 1310 te,
817 1233 844 1296 si
872 1230 946 1316 quid
966 1232 1071 1296 bonae
1096 1231 1223 1311 salutis,
1258 1234 1322 1300 oris
1349 1262 1381 1302 τε
1406 1238 1452 1302 li?

128 1332 336 1427 'saxonicos’
380 1335 420 1397 ad
441 1335 533 1398 Fam.
556 1333 621 1396 IX.
646 1336 684 1406 7,
709 1329 742 1392 1.

217 1430 394 1509 Σύντηξις,
428 1439 527 1491 arcto
555 1427 750 1492 animorum
779 1420 973 1486 coniunctio
999 1432 1032 1484 et
1064 1421 1165 1506 qnasi
1188 1426 1454 1507 conglutinatio.

130 1544 151 1603 ·,,
161 1527 208 1589 Sit
231 1529 368 1608 στοργῆς
391 1521 465 1585 licet
486 1543 605 1585 summa
628 1520 791 1597 σύντηξις,
814 1528 917 1579 tamen
939 1536 997 1581 nos
1019 1527 1107 1579 recte
1128 1515 1235 1583 lacere
1257 1528 1290 1582 et
1305 1521 1389 1587 bene
1404 1543 1456 1585 an-

135 1621 202 1684 tlire
227 1616 336 1683 volt.'’
380 1619 420 1679 ad
443 1617 515 1679 Art.
540 1617 588 1679 X.
611 1614 649 1688 8,
674 1615 706 1677 9.

219 1713 392 1796 Σύντομα,
413 1709 667 1792 compendiose,
687 1704 823 1790 poncia.
869 1706 908 1767 atl
929 1706 1001 1768 Ate.
1026 1704 1108 1767 Vll.
1133 1705 1171 1780 8,
1196 1705 1229 1769 5.

219 1808 378 1890 Σααῖρα,
403 1804 537 1887 globus.
590 1799 695 1877 „Cum
725 1803 805 1862 dnae
835 1798 957 1863 formae
979 1810 1177 1882 praestantes
1199 1799 1278 1878 sint,
1317 1822 1359 1866 ex
1380 1799 1457 1866 soli-

135 1900 183 1967 dis
205 1901 325 1986 globus
348 1898 413 1978 (sic
436 1895 516 1961 enim
540 1909 691 1981 σφαῖραν
713 1891 915 1976 interpretari
929 1892 1070 1974 placet),
1095 1914 1136 1957 ex
1157 1894 1261 1976 planis
1277 1908 1382 1960 autem
1397 1896 1458 1960 cir-

136 1995 225 2058 culus
248 2006 301 2058 aut
325 1992 434 2068 orbis,
464 1993 518 2075 qui
539 1991 655 2065 κύκλος
680 1990 803 2052 Graece
824 1987 958 2050 dicitur:
983 1985 1030 2051 his
1053 1989 1176 2051 duabus
1194 1987 1312 2054 formis
1334 1992 1458 2056 contin·

137 2089 184 2177 git
211 2089 306 2164 solis,
343 2098 377 2149 ut
403 2106 512 2151 omnes
536 2106 642 2148 earum
665 2095 772 2165 partes
802 2081 865 2146 sint
891 2081 974 2145 inter
994 2103 1029 2145 se
1051 2081 1226 2147 simillimae
1256 2086 1457 2173 amedioque

137 2194 257 2248 tautum
282 2182 362 2244 absit
385 2193 581 2253 extremum,
605 2190 755 2262 qtiantum
778 2175 858 2241 idem
875 2198 891 2238 a
908 2198 1053 2242 summo:
1079 2198 1144 2260 qno
1159 2176 1237 2241 nihil
1258 2177 1331 2243 lieri
1352 2190 1457 2263 potest

137 2278 253 2363 aptius.
266 2275 284 2304 ''
329 2277 367 2339 de
391 2276 468 2339 Nat.
489 2274 590 2338 Deor.
614 2274 660 2337 Il.
686 2272 744 2346 18,
771 2272 824 2334 ll.

222 2372 457 2453 Σφαιροειδές,
486 2368 680 2451 globosum.
733 2367 790 2448 „A
813 2385 878 2450 quo
901 2364 1054 2429 animante
1077 2386 1185 2431 omnes
1207 2366 1355 2454 reliquos
1380 2390 1457 2434 cco·

139 2465 232 2533 tineri
262 2467 355 2529 vellet
384 2465 574 2538 animantes,
610 2464 693 2524 hunc
715 2482 751 2524 ea
773 2460 877 2525 forma
900 2459 1074 2545 figuravit,
1104 2481 1167 2545 quta
1194 2481 1256 2524 una
1277 2483 1389 2527 omnes
1409 2484 1458 2526 re·

137 2561 243 2646 liquae
270 2559 394 2622 formae
417 2556 668 2622 concluduntur:
698 2566 729 2618 et
754 2555 925 2638 globosum
952 2564 1001 2615 est
1021 2553 1213 2631 fabricatus,
1245 2558 1334 2639 quod
1355 2583 1456 2637 σφαι-

139 2660 261 2741 ροειδὲς
288 2651 406 2717 Graeci
428 2662 563 2715 vocant:
599 2647 688 2713 cuius
710 2647 813 2712 omnis
836 2647 1017 2711 extremitas
1040 2645 1170 2731 paribus
1197 2669 1214 2711 a
1241 2648 1346 2715 medio
1368 2650 1457 2714 radiis

140 2747 347 2831 attingitur.’'
393 2745 479 2809 Tim.
510 2766 540 2807 c.
565 2745 596 2808 6.

223 2844 395 2925 Σφάλμα,
425 2851 598 2915 erratum,
635 2841 765 2920 lapsus.
818 2837 880 2917 „Io
907 2858 973 2921 quio
1002 2837 1029 2900 si
1057 2839 1143 2921 qnod
1160 2839 1329 2924 σφάλμα,
1355 2840 1455 2917 vides,

141 2957 232 3021 quam
255 2948 348 3017 turpe
371 2934 454 2997 sit.”
498 2935 538 2996 atl
564 2934 636 2996 Att.
659 2932 708 2996 X.
732 2932 790 3008 tt,
815 2933 848 2996 5.

226 3030 434 3109 Σχεδιάζειν,
467 3028 631 3102 scribere,
654 3026 747 3121 qnod
775 3026 889 3090 subito
914 3024 949 3089 in
975 3039 1120 3090 mentem
1146 3028 1248 3091 venit.
1302 3031 1457 3103 ,Οἰκονο-

141 3138 202 3211 μια
225 3125 251 3188 si
274 3122 493 3206 perturbatior
512 3133 578 3200 est,
609 3120 668 3184 tibi
693 3120 872 3205 assignato:
902 3132 934 3184 te
957 3119 1037 3184 eninr
1061 3142 1181 3205 sequor
1205 3122 1458 3203 σχεδιάζοηα.”

143 3223 183 3284 ad
205 3221 276 3284 Att.
302 3219 367 3281 Vl.
393 3220 430 3293 1,
456 3219 508 3280 11.

226 3314 444 3396 Σχεδίασμα,
484 3311 635 3375 subitum
662 3309 861 3386 consilinm,
899 3333 955 3376 res
982 3333 1051 3376 non
1078 3313 1176 3377 venete
1203 3311 1357 3396 cogitetis
1388 3330 1458 3379 trst-

142 3419 253 3493 csptc.
299 3406 441 3489 „Potest
468 3416 568 3468 totum
592 3426 662 3468 esse
690 3409 895 3488 σχεδίασμαε
926 3418 958 3469 et
980 3405 1124 3470 nimirum
1150 3408 1193 3471 ita
1215 3405 1305 3469 est.''
1329 3407 1371 3469 ad
1391 3409 1458 3472 Att.

142 3503 224 3568 XV.
250 3501 307 3575 19,
332 3500 363 3566 1.

228 3595 409 3680 Σχήματα,
440 3605 560 3678 gestus
591 3594 691 3678 qnasi
719 3593 912 3670 orationis,
946 3595 1195 3660 sententiarum
1225 3595 1459 3683 orationisque

131 3688 296 3787 formae,
318 3688 388 3752 sine
413 3688 593 3753 verborum
615 3700 648 3751 et
669 3687 918 3752 sententiarum
939 3689 1087 3766 lumino,
1110 3700 1328 3754 ornamento.
1354 3690 1459 3765 „illan

144 3796 247 3849 sertem
271 3781 532 3856 concinnitatem,
566 3804 648 3867 quae
672 3785 845 3847 verborum
868 3782 1113 3849 collocationem
1136 3784 1289 3848 illuminat
1310 3785 1351 3851 iis
1373 3784 1460 3852 lumi·

145 3880 256 3955 nibus,
291 3899 372 3962 qnae
398 3878 516 3941 Graeci
540 3877 630 3963 quasi
662 3878 787 3962 aliquos
818 3888 926 3959 gestus
949 3879 1105 3943 orationis
1128 3879 1282 3963 σχήματα
1306 3880 1462 3965 appellant

144 3974 253 4060 (qood
281 3972 362 4036 idem
390 3975 522 4037 verbnm
552 3974 593 4036 ab
621 3971 658 4035 iis
688 3972 781 4036 ctiam
806 3971 837 4034 in
858 3971 1081 4037 sententiarum
1105 3985 1289 4037 ornamenta
1311 3976 1463 4055 transier-

145 4071 232 4148 tur)‚
269 4066 397 4131 adhibet
428 4067 552 4150 quidem
583 4066 633 4129 bic
655 4067 800 4142 subtilis,
835 4069 890 4130 sed
911 4068 1009 4149 paolo
1039 4066 1208 4150 parcius.''
1259 4066 1386 4133 Orator
1407 4068 1460 4145 25,

145 4165 200 4227 83.
223 4198 264 4208 -
315 4161 480 4227 Orationis
504 4161 593 4246 quasi
614 4161 737 4225 formae
760 4172 790 4224 et
811 4161 947 4237 lumina,
978 4183 1059 4247 quae
1081 4165 1135 4242 (ut
1157 4161 1243 4242 dixi)
1265 4162 1385 4228 Graeci
1407 4184 1464 4228 ro-

146 4270 217 4322 rant
244 4257 410 4341 σχήματα.
423 4256 440 4279 ”
493 4257 616 4321 Orator
638 4256 698 4330 51,
730 4255 803 4320 181.
827 4290 867 4301 -
911 4256 1030 4321 Ornari
1054 4255 1232 4322 orationem
1262 4258 1383 4324 Graeci
1409 4279 1464 4342 pu·

146 4363 232 4429 taut,
267 4353 295 4414 si
325 4352 499 4417 verborum
528 4349 800 4415 immutationibus
828 4363 974 4425 utantur,
1005 4373 1087 4436 quos
1119 4351 1278 4434 appellant
1307 4353 1464 4441 τρόπους,

148 4456 181 4508 et
210 4444 434 4509 sententiarum
463 4444 680 4527 orationisque
706 4444 837 4523 formis,
871 4466 952 4530 qnae
981 4459 1098 4510 vocant
1127 4447 1293 4531 σχήματα.
1307 4446 1327 4472 ”
1372 4448 1464 4512 Brut.

150 4542 207 4615 ll,
241 4539 292 4604 69.
315 4574 356 4584 -
405 4540 594 4626 ,Σχήματα
616 4539 698 4603 enim
724 4561 805 4624 quae
828 4551 945 4604 vocant
964 4538 1099 4616 Graeci,
1135 4562 1171 4605 ca
1196 4539 1332 4607 maxime
1354 4550 1467 4610 ornant

149 4630 347 4708 orationem,
387 4654 489 4721 eaqus
515 4654 580 4701 non
605 4645 669 4698 tam
696 4633 729 4697 io
756 4633 861 4698 verbis
882 4632 1052 4719 pingendis
1077 4635 1194 4698 babent
1217 4636 1345 4718 pondos
1375 4654 1466 4722 quern

148 4726 182 4792 io
203 4724 412 4789 illuminandis
437 4725 636 4794 sententiis.”
680 4729 774 4793 Brut.
798 4730 858 4806 st,
884 4729 958 4793 111.
982 4765 1023 4776 -
1067 4730 1196 4803 „Erant
1217 4742 1321 4793 antem
1341 4738 1375 4794 et
1394 4748 1466 4793 ver·

150 4822 265 4887 borum
288 4829 321 4883 et
341 4820 563 4886 sententiarum
581 4820 632 4887 illa
652 4823 784 4902 lumina,
814 4843 894 4908 quac
916 4834 1034 4888 vocant
1057 4821 1175 4890 Gracci
1199 4824 1374 4911 σχήματα,
1399 4818 1466 4909 qni·
