3202 5318
575 346 727 416 lunttx
747 346 928 416 LEGUM.
1347 338 1419 419 att'
1526 452 1530 463 ι

258 534 414 601 Vtrruru
435 536 477 601 tie
499 536 679 603 reiectione
699 537 864 603 iudicum.

171 679 237 752 ,Et
262 676 410 761 quoniam
433 680 550 742 crebro
578 699 729 761 usurpas,
763 679 867 764 legem
894 691 926 743 te
948 682 987 744 de
1014 679 1142 744 alteruis
1168 680 1308 745 consiliis
1332 680 1406 747 reii-

79 772 205 835 ‘ciendis
229 771 355 835 tulisset
390 783 424 833 ut
451 790 561 834 omnes
589 771 784 856 intelligant,
819 784 851 836 te
876 793 915 836 oe
943 783 1031 837 recte
1058 775 1183 859 qrridem
1209 774 1315 839 iacere
1340 775 1405 839 sinc

84 864 209 931 scolere
229 863 389 948 potuisse,
413 885 553 948 quaero,
575 886 648 928 cum
674 866 726 928 lex
748 878 830 929 esset
854 886 953 950 aequa
977 870 1178 952 promulgata
1198 867 1290 933 initio
1309 868 1407 953 magi·

85 968 221 1034 subtus,
254 957 367 1021 multas
393 958 486 1021 etiarn
514 958 590 1022 alias
616 956 756 1033 tulisses,
792 957 1048 1042 exspectarisne,
1081 962 1154 1024 ilum
1182 961 1221 1028 C.
1247 962 1408 1026 Antonius

85 1072 160 1114 reus
180 1050 275 1114 ficret
291 1053 376 1136 apud
398 1050 462 1117 Cn.
483 1053 653 1116 Lentulum
678 1051 891 1118 Clodianum?
914 1064 946 1116 et
965 1066 1170 1139 posteaquam
1191 1055 1245 1119 itte
1265 1066 1313 1120 est
1332 1074 1407 1119 rent

84 1147 208 1222 imru,
230 1142 333 1215 statim
359 1145 501 1209 tuleris
492 1168 522 1208 ur
544 1167 634 1224 eum,
663 1146 718 1232 φὶ
744 1159 827 1210 tuam
852 1159 928 1230 post
950 1148 1053 1232 legem
1079 1171 1152 1212 reus
1173 1147 1276 1225 lactus
1298 1159 1405 1213 osset:

85 1251 122 1302 ut
136 1240 235 1303 bomo
257 1237 435 1302 consularis
455 1240 622 1314 exclusus,
647 1239 758 1315 miser,
781 1252 901 1323 puncto
922 1241 1075 1323 temporis
1094 1242 1287 1325 spoliaretur
1307 1244 1406 1307 bene·

86 1333 162 1397 licio
182 1343 215 1395 et
234 1331 394 1421 aequitate
416 1333 497 1419 legis
518 1332 642 1397 tuae?”
675 1333 707 1397 in
728 1334 838 1400 Vatiu.
863 1336 920 1410 11,
945 1334 998 1399 36.
1353 1342 1363 1352 “

173 1426 324 1513 „lagen
349 1427 430 1490 hanc
456 1449 520 1493 nou
547 1428 788 1511 improbabilem
816 1429 982 1492 videbatur
1003 1431 1043 1493 Ρ
1069 1429 1258 1496 Vatinius
1249 1452 1281 1493 ιιι
1301 1429 1405 1494 tribu-

86 1532 164 1585 natu
185 1540 245 1584 suo
264 1538 475 1606 praerogasse,
505 1535 541 1586 ut
561 1523 754 1589 alternorum
778 1522 912 1587 iudicum
936 1521 1071 1588 reiectio
1093 1523 1203 1600 lieret,
1233 1526 1290 1587 seri
1315 1534 1405 1587 acuto

86 1614 117 1680 ei
140 1613 276 1679 detrabit
298 1618 441 1692 laudent,
466 1638 559 1699 quiam
586 1618 624 1681 tle
646 1617 804 1702 aequitate
828 1616 909 1701 legis
929 1615 1084 1700 consequi
1110 1629 1254 1700 poterat,
1279 1637 1319 1680 eo
1344 1616 1407 1680 sci·

86 1710 178 1786 licet,
203 1718 289 1796 φοι]
309 1712 430 1799 egerit,
455 1724 489 1775 ut
509 1709 550 1775 C.
574 1711 734 1775 Antonius
758 1723 829 1775 ante
849 1732 923 1774 reus
944 1712 1051 1786 lieret,
1076 1732 1168 1795 quiam
1188 1711 1242 1773 lex
1266 1710 1408 1777 Vatinia

86 1804 129 1868 de
150 1806 331 1873 reiectione
353 1806 504 1871 iudicum
525 1804 757 1888 perterretur?
801 1807 912 1870 Sebol.
935 1805 1022 1871 Bob.
1046 1827 1079 1887 p.
1103 1805 1178 1869 311.
1403 1808 1408 1825 ¹

172 1901 334 1982 „Vatinii
355 1902 444 1986 lege,
474 1920 566 1985 quam
591 1899 706 1962 tulerat
724 1899 755 1963 in
777 1899 957 1974 tribunatu,
986 1920 1049 1962 non
1072 1900 1149 1964 satis
1172 1911 1280 1983 aperte
1304 1921 1407 1986 oemio

86 1992 234 2058 distincte
261 1998 453 2079 apparebat,
490 2007 595 2055 utrum
623 2004 711 2056 sorte
740 1993 904 2076 quaesitor
931 2004 1014 2056 esset
1044 1992 1227 2079 deligendus
1255 2015 1294 2058 an
1327 2015 1407 2061 vero

86 2100 193 2152 mutua
216 2090 299 2153 inter
321 2088 523 2154 adversarios
545 2086 878 2176 iaciendareiectio.”
922 2087 1034 2150 Schol.
1058 2088 1144 2152 Bob.
1168 2108 1202 2171 p.
1226 2088 1301 2153 323.

173 2188 291 2269 „Lege
311 2187 376 2249 lanc
397 2184 525 2248 recenti
546 2203 586 2245 ac
608 2176 696 2245 ιιόιια
717 2193 831 2244 certus
853 2192 903 2244 est
925 2181 1139 2266 inquisitioni
1160 2181 1322 2247 comitum
1343 2204 1407 2247 nu·

86 2300 203 2343 menta
228 2278 462 2359 constitutum]
511 2278 636 2360 Legem
660 2274 852 2338 iudiciariam
880 2276 1006 2337 videtur
1029 2275 1208 2359 significare
1235 2276 1304 2342 sive
1329 2299 1347 2355 a
1369 2281 1408 2343 Ρ.

88 2370 231 2438 Vatinio
247 2372 376 2437 tribuno
388 2372 490 2456 plebis
506 2369 573 2432 sive
589 2369 660 2450 aQ.
677 2369 772 2433 Fufio
789 2366 912 2433 Caleno
928 2381 1080 2452 praetore
1095 2369 1207 2431 latam:
1227 2369 1408 2451 pertinebat

84 2477 189 2530 autern
219 2468 261 2529 ari
291 2467 428 2530 iudicum
448 2463 664 2528 reiectionem.
707 2463 815 2546 Igitur
838 2483 874 2525 ea
903 2462 975 2547 lege
1000 2462 1197 2544 praefinitum
1227 2461 1404 2540 videbatur,

84 2573 166 2645 φοί
184 2582 316 2626 nurnero
339 2559 471 2624 comites
493 2559 610 2620 habere
626 2558 794 2631 deberent,
818 2555 920 2640 quiin
936 2557 1122 2640 provincias
1138 2556 1238 2632 irent,
1264 2567 1298 2618 ut
1312 2579 1407 2622 accu-

84 2654 239 2720 sationem
262 2658 301 2717 tle
321 2652 465 2737 pecuniis
486 2651 670 2733 repetundis
691 2650 917 2722 instruerent,”
946 2651 1058 2715 Schol.
1074 2651 1161 2714 Bob.
1185 2649 1215 2711 in
1239 2662 1321 2714 orat.
1344 2674 1406 2737 pro

82 2750 258 2831 Flaccop.
280 2748 354 2812 333.

169 2844 218 2907 Ea
247 2842 411 2906 sancitum·
423 2850 489 2915 est,
522 2851 558 2902 ut
582 2841 826 2922 repetundarum
850 2837 967 2902 iudicio
991 2839 1099 2902 liceret
1127 2839 1245 2902 alterna
1275 2840 1407 2904 consilia

83 2935 229 3002 reiicere.
271 2935 424 3001 Consilio
443 2946 517 2998 srtnt
543 2933 661 2996 iudicas
683 2953 809 3007 omnes,
835 2953 917 3017 quos
940 2943 1069 3013 praetor
1099 2932 1232 2997 sortitus
1261 2946 1324 2998 est:
1347 2955 1404 2998 eos

83 3051 196 3096 ornnes
217 3050 260 3095 ox
280 3031 339 3093 lrac
359 3030 430 3113 lege
449 3029 546 3091 semel
562 3027 695 3090 relicere
711 3027 783 3088 licet
798 3047 873 3100 reo,
899 3026 994 3088 semel
1011 3027 1204 3100 accusatori,
1228 3050 1298 3091 cum
1314 3041 1405 3092 antea

81 3124 255 3188 nonnullos
278 3135 397 3186 tantum
424 3124 556 3186 reiicere
582 3121 694 3186 liceret
717 3143 757 3183 ex
787 3122 898 3183 eodem
928 3120 1061 3186 consilio
1092 3121 1236 3204 utrique,
1267 3144 1402 3206 quiorum

81 3219 154 3281 loca
173 3218 402 3281 subsortitione
418 3217 577 3298 praetoris
590 3217 805 3297 replebantur.
851 3217 996 3277 Alternn
1009 3216 1154 3279 consilia
1168 3215 1308 3280 reiicere
1323 3239 1403 3304 ergo

81 3323 130 3375 est
151 3312 232 3373 idem
255 3334 291 3373 ac
312 3313 454 3375 alternis
476 3312 617 3374 reiicere
638 3310 801 3386 eoncilia,
826 3324 859 3374 ut
876 3313 976 3396 Verr.
996 3310 1051 3371 lib.
1070 3310 1117 3373 lt.
1137 3311 1186 3374 13.
1203 3333 1280 3373 cum
1300 3312 1403 3375 altar·

82 3427 149 3468 nae
170 3406 324 3470 ciuitates
346 3406 491 3469 reiectae
512 3418 610 3479 sunt,
634 3425 696 3487 pro
718 3405 878 3481 alter-nie,
903 3405 999 3468 semel
1018 3406 1058 3467 ab
1077 3415 1282 3480 accusatore,
1306 3406 1427 3520 semel,

81 3501 122 3562 ab
145 3520 216 3563 reo.
251 3500 335 3563 Etru.

253 3659 406 3721 Virtuti
428 3657 470 3720 de
491 3661 533 3722 Ι..
559 3659 665 3724 Vettii
687 3659 827 3722 indicio.

171 3781 357 3862 „fecerisne
386 3792 484 3843 tanta
510 3781 728 3855 crudelitate,
762 3792 800 3842 ut
822 3781 968 3842 detectos
990 3779 1096 3851 uiros,
1126 3779 1301 3863 principes
1323 3782 1402 3845 ciui·

77 3875 181 3951 tutin,
206 3874 316 3938 delere
338 3887 400 3936 tua
420 3876 602 3955 rogatione
623 3873 827 3952 conarerei]
850 3873 901 3936 De
924 3876 985 3937 hoc
1008 3884 1152 3954 tempore
1173 3874 1269 3936 locuti
1293 3897 1398 3938 strutus

77 3971 110 4034 in
130 3969 295 4044 oratione,
326 3989 407 4045 utrae
429 3971 510 4030 banc
536 3969 715 4048 praecedit:
750 3969 792 4030 L.
816 3967 958 4030 Vettiurn
984 3967 1139 4047 perditum
1167 3968 1324 4030 hominem
1351 3970 1399 4032 io·

78 4063 197 4126 stinctu
224 4061 344 4124 Vatinii
366 4062 547 4142 professum
575 4082 643 4122 esse
669 4063 750 4141 apud
771 4073 910 4123 senatvm
936 4081 970 4121 se
991 4060 1199 4121 indicaturum
1225 4061 1398 4144 plerosque

79 4155 295 4220 nobilissimos
321 4154 408 4219 viros
432 4158 470 4216 dc
489 4152 708 4217 interficiendo
736 4155 893 4235 Pompeio
917 4153 1011 4215 inisse
1033 4153 1283 4216 coniurationem
1306 4156 1409 4240 idque

79 4248 245 4335 negotium
274 4248 334 4313 sibi
359 4251 538 4319 mandasse,
573 4250 655 4310 hrrnc
680 4260 781 4310 tamen
804 4249 947 4311 Vettium
979 4249 1009 4310 in
1039 4269 1196 4310 carcerem
1223 4249 1400 4315 coniectum

79 4356 177 4428 atque
197 4343 313 4407 ibidem
338 4356 478 4405 necatum
502 4342 577 4423 ipsis
598 4340 796 4423 potissimum
820 4344 1021 4416 auctoribus,
1046 4343 1099 4424 quii
1120 4363 1190 4402 eum
1213 4345 1253 4404 ad
1275 4349 1400 4421 menda·

78 4437 161 4500 ciuru
185 4437 450 4501 subornassent.”
494 4436 606 4498 Schol.
632 4437 717 4498 Bob.
741 4436 770 4497 in
795 4436 906 4499 Vatin.
931 4459 964 4516 p.
988 4435 1063 4499 320.

167 4531 457 4615 „Promulgarisue
488 4528 701 4614 qttacstionern
733 4531 770 4591 dc
803 4541 850 4593 tot
877 4528 1072 4610 amplissimis
1103 4541 1133 4590 et
1166 4529 1279 4593 talibus
1312 4534 1398 4612 viris,

79 4623 175 4688 indici
198 4625 311 4688 Vettio
333 4625 473 4706 praemia
496 4622 736 4706 aruplissitna?”
760 4623 790 4685 iu
814 4624 924 4685 Vatin.
952 4626 1009 4697 tl,
1035 4622 1086 4684 26.

166 4719 261 4781 Hanc
281 4718 499 4801 rogationem,
532 4729 567 4780 ut
588 4717 732 4802 quaestio
758 4719 926 4779 haberetur
951 4718 990 4779 dc
1013 4717 1065 4790 iis,
1097 4738 1178 4800 qtros
1206 4719 1248 4780 L.
1272 4721 1402 4788 Vettius

78 4814 210 4876 caedem
226 4809 290 4876 Cn.
306 4812 456 4894 Pompeii
470 4811 530 4874 sibi
552 4814 714 4875 mandasse
736 4810 905 4886 indicaret,
927 4812 1144 4896 promulgavit
1165 4816 1221 4878 aad
1242 4834 1307 4878 con
1329 4839 1402 4898 per·
