3202 5318
509 288 943 426 eunuco-uitulus.
1346 357 1388 424 37

61 500 286 574 Graecorum,
321 499 410 582 quod
439 518 517 563 snos
544 497 611 563 dies
640 521 828 586 mensesque
857 523 1039 587 congruere
1068 502 1181 567 volunt
1208 522 1279 566 eum
1310 497 1390 565 solis

55 595 214 678 lunaeque
238 591 386 670 ratione,
417 603 452 656 ut
475 615 716 679 nonnunquam,
759 595 786 657 si
814 597 893 680 qnid
920 595 1096 680 discrepet,
1130 597 1270 661 eximant
1291 615 1387 671 unnim

56 689 195 773 aliquem
213 688 296 751 diem
315 698 372 751 aut
384 709 539 751 sttmmum
558 688 687 753 biduum
704 710 746 751 ex
760 709 883 765 mense;
907 711 990 773 quos
1010 690 1058 755 illi
1076 694 1301 778 ἐξαιρισὶμαιις
1319 688 1388 754 dies

54 782 233 850 nominant.
244 785 265 811 ”
309 783 413 846 Verr.
436 780 486 846 Il.
509 783 568 858 ⁵2,
599 783 675 847 199
719 782 765 847 lis
785 794 994 867 opponuntur
1015 785 1257 864 intercalares,
1286 783 1388 871 ἐμβό-

55 886 155 962 λιμοι
200 875 431 942 Deitsmulta
455 876 619 961 Scaliger,
650 877 828 942 Petreius:
872 898 974 963 qnos,
1008 878 1163 957 silubet,
1189 877 1385 943 videlieet.

135 975 446 1052 ’Eeamratenvw
446 968 585 1046 ,Cetera
611 972 679 1037 noli
707 972 971 1053 ι’ξαιιαιιὲιιζιιιι.η
1021 974 1059 1036 ad
1086 971 1317 1048 Att.V1.6,
1352 975 1386 1038 1.

52 1069 115 1134 Est
137 1064 275 1151 proprie
297 1066 418 1150 spinos
438 1019 570 1129 irellere
586 1078 621 1130 et
645 1068 820 1152 colligere.
844 1067 891 1132 Η.
914 1068 938 1133 Ι.
961 1065 1069 1149 spinae
1083 1077 1158 1132 suot
1173 1066 1385 1145 Dolabellae,

53 1161 106 1227 cui
128 1160 271 1226 Tulliam
294 1161 527 1243 desponderat,
551 1159 647 1237 vitia,
671 1181 753 1244 quiae
775 1182 840 1226 non
866 1162 937 1226 volt
957 1164 998 1226 ab
1022 1161 1136 1228 Attico
1164 1183 1206 1225 ex
1230 1159 1299 1226 eius
1320 1160 1387 1227 vita

55 1255 219 1341 superiori
240 1253 355 1339 colligi
375 1253 501 1339 sibique
518 1252 629 1321 obiici.
672 1257 758 1320 Ean.

141 1349 250 1430 Ἒξ”
223 1376 343 1425 ασιεος
370 1349 562 1431 ιἰιιαλόφου
591 1353 706 1430 τειχῶν
734 1355 920 1438 παρέδωκεν
947 1359 1012 1417 κτλ.
1066 1353 1128 1418 Ex
1155 1349 1253 1416 urbis
1280 1348 1387 1436 septi·

57 1446 157 1512 eoliia
173 1443 354 1509 moenibus
376 1442 422 1523 (i.
440 1466 472 1508 e.
489 1445 619 1522 Roma)
641 1445 788 1509 Camillo
809 1445 918 1510 edidit
935 1444 1141 1554 (Philotimus
1154 1443 1290 1511 libertus
1303 1463 1388 1511 uxo·

57 1541 101 1606 ris
115 1541 222 1622 neae)
235 1540 392 1604 ιιιιίοιιιι
406 1539 543 1603 XXIV.
562 1538 736 1603 minarum
750 1550 784 1603 et
798 1538 969 1604 XLVIII.
984 1538 1160 1604 minarum
1174 1538 1269 1605 neris
1282 1538 1390 1605 alieni

58 1638 116 1714 (ab
141 1655 250 1699 uxore
271 1633 340 1700 scil.
360 1633 552 1713 contracti),
574 1654 677 1717 seque
698 1633 820 1698 debere
837 1634 970 1700 XXIV.
993 1635 1106 1699 minas
1121 1657 1169 1698 ear
1189 1634 1289 1699 honis
1302 1637 1389 1700 Cro·

58 1728 237 1796 tomaticis
258 1729 313 1807 (h.
332 1749 362 1794 e.
384 1726 540 1806 Milonis)
561 1740 595 1792 et
620 1729 793 1794 XLVIII.
813 1729 925 1793 minas
944 1752 991 1794 ear
1009 1728 1255 1794 chersoniticis
1279 1729 1331 1806 (lt.
1355 1747 1387 1792 e.

58 1825 87 1889 iu
107 1823 322 1890 Chersoneso
338 1821 500 1901 exactis)·
535 1834 570 1886 et
593 1823 750 1908 quamvis
774 1846 822 1887 ear
842 1822 1108 1899 hereditatibus,
1131 1842 1219 1909 queas
1239 1820 1386 1898 adierit,

57 1917 232 2003 redegerit
248 1917 302 1981 his
324 1927 508 1981 sexcentae
527 1928 561 1979 et
580 1917 845 2001 quadragenas,
869 1938 906 1981 se
923 1929 1040 1980 tamen
1057 1915 1151 1980 aeris
1169 1916 1262 1981 illius
1282 1904 1390 1981 alieni

57 2035 95 2077 ne
115 2012 260 2079 ohohtm
284 2010 424 2095 quidem
447 2008 660 2087 dissoluisse,
684 2032 762 2074 cum
783 2031 856 2074 ιαιιι
880 2011 1068 2075 debeantur
1091 2031 1115 2073 o
1140 2014 1225 2093 Kal.
1246 2010 1390 2075 secundi

56 2107 200 2173 mets.-
221 2105 385 2170 libertum
400 2115 519 2169 αωιιιιι
537 2104 630 2182 eius,
654 2127 715 2191 que
708 2105 829 2170 idem
848 2107 942 2192 quod
961 2105 1114 2172 Cononis
1137 2117 1238 2189 pater
1256 2105 1390 2187 (Timo-

56 2202 169 2281 theus)
196 2218 324 2264 nomen
349 2199 512 2274 hahebat,
542 2198 637 2283 nihil·
648 2220 802 2264 curasse.
852 2202 1010 2269 Primum
1028 2200 1139 2286 igitur
1157 2203 1242 2275 hoc,
1270 2197 1390 2265 onmia

55 2309 90 2361 ut
106 2305 315 2361 seruentur:
335 2295 504 2366 alterum,
526 2304 567 2356 ut
584 2313 627 2357 ne
649 2315 777 2358 ιιιιιιαι
796 2295 936 2380 quidem
956 2294 1135 2380 negligas,
1159 2315 1248 2379 quae
1265 2293 1389 2358 deben-

54 2404 110 2455 tur
126 2413 178 2454 ιιι
199 2388 258 2453 die
278 2409 389 2472 supra
407 2388 536 2471 posito.
559 2390 627 2453 Per
644 2408 704 2451 eos
718 2389 810 2465 dies,
835 2389 958 2474 quibus
974 2390 1073 2453 illum
1085 2388 1236 2471 pertuli,
1258 2406 1388 2470 magno

55 2485 89 2548 in
107 2485 239 2549 timore
250 2480 336 2575 fisi.
383 2485 536 2550 Venerat
559 2482 652 2545 enim
678 2483 888 2565 explanandi
905 2503 1013 2546 causa
1033 2493 1137 2567 atque
1158 2480 1292 2566 aliquid
1311 2503 1388 2565 spe·

56 2579 174 2645 rabat:
198 2598 272 2665 qua
291 2598 352 2661 spe
364 2574 576 2668 fenestratas
601 2575 686 2638 abiit
709 2586 859 2653 temere,
891 2574 1080 2667 sicfatus:
1105 2576 1218 2638 Tuane
1244 2596 1306 2638 esr
1331 2594 1388 2638 utu

57 2695 208 2738 ιιιιιιιε.
252 2673 335 2737 Sunt
351 2673 449 2736 verba
468 2669 606 2735 Homeri
617 2669 659 2734 ll.
676 2676 711 2752 β,
736 2670 830 2747 998.,
853 2670 906 2735 ruhi
918 2671 1045 2734 additur
1062 2668 1172 2736 κενεόν
1184 2696 1216 2735 ιε
1238 2676 1387 2746 νέεσθαι,

56 2780 86 2832 et
109 2768 256 2832 ιἰιαιιιιιι
276 2766 403 2831 redire.
448 2768 489 2828 ad
507 2765 581 2829 Art.
605 2764 671 2827 VI.
696 2765 733 2841 5,
762 2765 812 2830 2.-

135 2865 200 2940 Ἕξ
223 2864 454 2947 ἀφαιρέσεως,
478 2858 704 2922 detractione.
750 2911 766 2940 „
776 2859 904 2943 Appius
931 2880 1000 2925 cum
1024 2863 1057 2939 ἐξ
1080 2863 1289 2944 ἀφαιρέσεως
1310 2877 1388 2941 pro·

58 2957 192 3022 vinciam
218 2955 358 3030 curarit,
392 2954 577 3038 sanguinem
608 2953 746 3029 miserit,
772 2955 935 3039 quidquid
956 2955 1061 3038 potuit
1091 2953 1283 3030 detraxerit,
1309 2952 1386 3017 mihi

56 3051 223 3117 tradiderit
248 3062 407 3125 enectam,
432 3062 787 3137 nponevarpemoutaqr
809 3071 877 3112 earu
906 3070 994 3113 ame
1012 3070 1077 3113 non
1100 3048 1237 3111 libenter
1258 3045 1385 3112 videt.’'

56 3150 90 3210 ad
114 3149 191 3213 Art.
225 3146 292 3210 vl.
326 3150 362 3220 1,
397 3144 429 3205 2.
451 3175 493 3186 —
540 3146 738 3228 Ἀφαίρεσις
764 3143 924 3227 significat
952 3144 983 3206 in
1006 3164 1042 3206 re
1061 3143 1180 3207 rustica
1209 3156 1240 3208 et
1265 3144 1386 3210 medica

55 3241 213 3307 inutilium
233 3239 467 3304 detractionem
486 3249 518 3300 et
543 3238 749 3302 ablationem.
796 3243 871 3303 Τῶν
893 3240 983 3306 αὔων
1004 3242 1200 3324 ἀφαίρεσις,
1226 3237 1385 3302 aridarum

55 3335 214 3401 lrondium
239 3332 397 3409 resectio,
430 3343 478 3394 est
506 3333 591 3413 apud
619 3334 879 3415 Theophrastum
903 3346 935 3396 et
958 3332 1058 3408 alios,
1093 3334 1159 3396 vid.
1184 3333 1320 3396 Salmas.
1345 3336 1385 3397 ad

56 3430 158 3496 Solio.
182 3452 219 3512 p.
243 3451 285 3493 m.
308 3429 382 3491 119.
429 3425 482 3488 ste
505 3425 617 3488 medici
633 3430 816 3512 αἰιαίρισιν
834 3438 969 3503 vocant,
993 3448 1064 3489 eum
1080 3427 1203 3511 aliquid
1219 3427 1384 3494 materiae

57 3526 205 3590 demitur
234 3521 381 3605 corpori.
437 3520 622 3587 curationis
648 3542 749 3604 genus
778 3533 837 3585 est.
882 3524 990 3585 Omne
1019 3521 1110 3584 enim
1131 3519 1326 3596 auxilium,
1350 3534 1385 3585 ut

58 3619 170 3684 Celsus
200 3617 244 3679 ait
261 3617 309 3681 11.
333 3617 365 3679 9.
389 3615 419 3678 in
443 3615 513 3689 lim,
539 3627 601 3677 aut
619 3614 724 3678 demit
748 3615 900 3700 aliquam
927 3617 1127 3691 materiam,
1162 3627 1224 3678 aut
1245 3615 1382 3693 adiicit,

58 3726 115 3777 aut
130 3723 269 3788 euocat,
293 3725 356 3773 met
380 3709 556 3792 reprimit,
585 3721 647 3771 aut
672 3706 885 3799 refrigerat,
915 3721 979 3772 oret
998 3708 1183 3801 calefacit,
1213 3711 1382 3794 simulque

59 3820 115 3871 aut
135 3807 245 3869 durat
265 3816 328 3868 aret
350 3804 472 3867 mollit.
519 3805 557 3866 lu
579 3823 620 3866 eo
642 3813 746 3864 anetem
770 3822 908 3885 genere,
933 3806 1019 3886 quod
1041 3804 1074 3866 in
1096 3805 1294 3868 detractione
1316 3816 1381 3879 est,

60 3902 190 3984 ponitur
212 3900 318 3982 primo
343 3899 419 3961 loco
446 3896 629 3979 sanguinis
651 3896 841 3969 detractio,
876 3918 892 3957 a
915 3918 977 3981 qua
1000 3908 1032 3959 et
1054 3896 1169 3963 Celsus
1191 3899 1310 3962 initium
1332 3898 1382 3963 sa·

61 3997 114 4070 oitr
148 3993 298 4077 sanguis
327 4003 429 4055 autern
459 3992 621 4073 eleganter
649 3994 732 4072 apud
759 3990 895 4053 Latinos
918 3990 1034 4053 dicitur
1052 3993 1218 4074 pecunia,
1254 3994 1381 4075 dequo

59 4089 225 4175 aliquoties
254 4085 415 4150 Graevius
438 4088 478 4147 ad
501 4083 705 4150 Ciceronem.
752 4082 871 4149 Cicero
901 4107 1006 4170 ergo,
1041 4108 1110 4148 cum
1135 4087 1241 4149 dicere
1265 4085 1379 4164 vellet,

59 4187 91 4246 ah
111 4181 229 4266 Appio
250 4180 449 4263 provinciam
472 4180 657 4242 exhaustam
681 4200 769 4253 esse,
800 4180 964 4263 eleganter
986 4191 1018 4242 et
1044 4179 1148 4260 lepide
1177 4179 1274 4242 dixit:
1309 4184 1380 4265 Ap-

56 4280 127 4359 pius
150 4282 186 4355 ἐξ
204 4279 414 4366 ἀραιρίσεως
431 4273 649 4356 prouinciam
671 4273 822 4350 curauit,
854 4275 1060 4358 sanguinem
1082 4273 1194 4349 misit,
1219 4275 1380 4361 quicquid

58 4374 163 4452 potuit
184 4370 361 4445 detraxit,
392 4370 477 4431 mihi
505 4367 650 4430 tradidit
675 4380 838 4432 enectam.
881 4372 1001 4452 Itaque
1024 4384 1379 4454 npoaaverpemoptvqu

10 4484 13 4519 ι
61 4487 147 4531 ame
170 4486 241 4529 non
263 4465 406 4527 libenter·
428 4463 532 4525 uidet.
555 4466 856 4566 Προσαναιρέριιν
874 4475 921 4525 ιιι
939 4460 1136 4525 contrarium
1154 4464 1378 4540 detractionis,

10 4570 14 4671 q
63 4560 142 4638 plene
172 4562 235 4622 huc
266 4557 406 4640 pertinet
432 4556 522 4620 locus
549 4556 721 4636 Aristoph
752 4557 782 4617 in
814 4555 943 4619 Raris
935 4577 995 4618 ram
1019 4578 1036 4617 a
1059 4554 1212 4621 Victoria
1234 4560 1329 4623 adh.
1353 4561 1376 4623 l.

10 4690 17 4769 q
67 4653 163 4719 status
187 4677 223 4716 v.
247 4653 308 4716 911
333 4654 372 4715 (λι
395 4651 503 4714 sabula
526 4673 604 4715 sua:

172 4751 338 4827 Ἰσχιιιια
362 4759 422 4831 μεν
448 4745 630 4833 πρώτιστον
651 4748 752 4826 αὐιήν
777 4760 833 4812 καὶ
852 4747 888 4811 τὸ
908 4747 1012 4830 βάρος
1029 4749 1167 4827 ἀφεῖλον

176 4848 368 4917 Ἐπυλλίοις
389 4853 446 4908 καὶ
463 4841 669 4930 περιπάτοις,
701 4852 757 4907 καὶ
783 4848 954 4908 τευτλίοισι
978 4847 1116 4920 λευκοῖς,
