3204 5296
520 334 951 406 eunuco-LATINUS.
1354 346 1393 409 ot

71 475 396 559 assumptionum,
428 497 520 561 quam
551 479 741 567 πρόσληψιν
769 479 861 545 iidem
890 493 1026 559 vocant,
1057 502 1121 548 uon
1146 481 1311 549 dabitur.”
1355 487 1395 548 de

71 569 181 634 Dirin.
208 572 260 636 ll.
285 572 442 645 53,108.

152 669 271 754 Arpos
296 667 403 743 πολύς.
448 669 576 751 Nugae
601 670 741 731 multae.
786 671 824 732 ad
845 671 918 734 Au.
941 670 1043 735 XIV.
1067 671 1126 746 21,
1158 674 1254 737 11.-
1299 675 1395 756 ,Λῆἱ

70 784 125 842 ρος
152 762 255 837 πολύς
279 760 311 823 ln
334 760 410 824 vino
435 761 518 824 etin
540 782 653 825 somno
676 762 852 826 istorum.''
896 767 934 827 ad
955 765 1028 830 Att.
1050 765 1151 830 XVI.
1176 769 1212 845 1,
1237 770 1268 833 5.

153 857 291 935 Λῆψις,
322 854 513 938 currentia,
550 855 712 938 impetus.
767 858 913 921 Verbum
945 859 1120 936 medicum,
1157 873 1191 923 ut
1223 870 1391 944 ἐπίληψις,

68 947 295 1035 significatque
316 949 546 1014 accessionem
558 947 707 1039 febris,
741 962 777 1014 ut
798 949 917 1016 Cicero
944 964 1057 1031 vocat,
1089 953 1276 1039 initiumque
1298 975 1397 1040 paro-
1446 988 1451 995 ·

68 1043 188 1121 xysmi.
245 1043 326 1108 Vid.
356 1041 478 1127 Cuperi
507 1044 684 1107 observat.
711 1044 760 1108 ll.
790 1046 844 1109 15.
868 1043 951 1110 Eur.
976 1077 1018 1090 -
1061 1049 1157 1121 ,Tua
1181 1053 1280 1129 λῆψις
1300 1034 1394 1134 quim

68 1136 99 1199 in
121 1138 208 1201 diem
226 1136 383 1216 incurrat,
414 1137 542 1212 nescio;
570 1140 627 1201 sed
649 1159 783 1218 prorsus
809 1151 840 1202 tc
861 1140 1057 1204 commoveri
1079 1141 1285 1208 incommodo
1308 1143 1395 1209 rale-

67 1229 186 1295 tudinis
203 1243 278 1297 tuae
296 1233 417 1299 nolo.’²
462 1234 504 1295 ad
526 1232 599 1296 Au.
622 1231 707 1296 Vll.
732 1236 768 1310 7,
800 1232 831 1297 3.

153 1327 314 1406 Λττότης,
346 1326 567 1391 mediocritas
598 1326 806 1403 tenuitasue,
841 1327 959 1411 quain
987 1327 1060 1391 cibo
1094 1341 1126 1392 ct
1151 1341 1233 1412 potu
1258 1330 1394 1411 utimur,
1449 1333 1454 1348 ’

66 1439 140 1483 cum
155 1422 320 1504 pretiosos
334 1421 425 1486 cibus
439 1455 481 1468 -
496 1419 685 1504 nimiamque
702 1420 883 1504 copiam-
900 1444 918 1486 a
938 1421 1053 1486 mensis
1070 1444 1274 1489 amovemus:
1299 1428 1395 1509 „Lex
1489 1482 1492 1489 .

68 1515 285 1597 sumptuaria,
311 1536 392 1599 quac
413 1517 539 1591 videtin
560 1515 709 1593 λιτότητα
731 1515 892 1595 attulisse,
924 1538 960 1581 ea
982 1515 1058 1580 mihi
1084 1518 1189 1582 lraudi
1207 1517 1312 1585 suit.''
1356 1524 1397 1588 ad

67 1607 273 1677 Fam.v11.
296 1608 356 1686 25,
381 1611 415 1674 2.

152 1705 286 1788 Λογτκτί
295 1756 303 1780 ,
321 1704 450 1788 logice,
465 1703 689 1788 philosophiae
704 1726 791 1791 pars,
815 1726 896 1791 quae
912 1716 960 1768 est
973 1707 1144 1789 quaerendi
1159 1730 1196 1773 ac
1208 1708 1393 1788 disserendi,

67 1816 149 1880 quae
173 1798 269 1861 etiam
292 1797 456 1863 dialectice
479 1798 607 1863 dicitur.
652 1801 716 1882 „In
740 1801 838 1865 altera
864 1798 1088 1882 philosophiae
1111 1814 1221 1886 parte,
1245 1824 1326 1884 quae
1347 1815 1396 1868 est

67 1893 247 1976 quaerendi
271 1912 308 1957 ac
333 1892 525 1971 disserendi,
559 1915 641 1978 quiae
667 1895 779 1978 λογικῆ
806 1893 940 1970 dicitur,
975 1893 1034 1957 iste
1057 1908 1164 1960 vester
1191 1897 1396 1979 (Epicurus)

66 1987 181 2069 plane,
215 1997 251 2050 ut
273 1987 347 2050 mihi
372 1987 496 2070 quidem
519 1986 661 2064 videtur,
694 1988 824 2053 inermis
852 2009 889 2051 ac
911 1990 1013 2053 nudus
1034 1989 1123 2054 cst.'’
1166 1995 1214 2068 der
1238 1991 1333 2055 Finu.
1361 1988 1394 2057 Ῑ.

68 2086 105 2157 l,
129 2082 187 2145 22.
210 2117 254 2129 —
296 2083 469 2166 ,Totaque
492 2092 539 2144 cst
564 2084 694 2166 λογική,
715 2105 809 2166 quam
830 2083 986 2148 rationem
1009 2084 1183 2151 disserendi
1205 2083 1332 2151 roco.'’
1354 2086 1394 2148 de

69 2175 152 2239 Fato
177 2178 214 2253 1,
239 2181 272 2240 1.

148 2271 380 2357 Λογτκιότερα.
423 2271 548 2351 „Erant
570 2269 652 2334 cuim
676 2272 907 2354 (Academica)
931 2274 1148 2362 loyrauirspu,
1178 2295 1272 2359 quam
1294 2286 1329 2338 ut
1350 2271 1396 2337 illi

69 2367 105 2428 de
125 2365 169 2429 iis
187 2366 363 2430 somniasse
386 2387 521 2448 uuquam
545 2364 769 2433 viderentur.''
814 2368 1058 2432 audiartltl.
1084 2369 1141 2446 19,
1166 2370 1199 2433 5.
1233 2370 1314 2433 Sunt
1333 2367 1396 2432 dis·

68 2460 254 2542 putationes
283 2459 486 2535 subtiliores,
522 2459 633 2543 quales
662 2473 735 2524 sum
770 2483 899 2540 eorum,
935 2462 992 2547 qni
1016 2483 1087 2527 cum
1112 2463 1335 2547 philosophiae
1360 2483 1395 2527 se

68 2575 167 2636 paene
191 2566 281 2620 totos
305 2553 517 2628 tradiderint,
541 2555 579 2617 de
599 2553 803 2638 philosophia
822 2555 993 2637 disputant.
1029 2556 1193 2620 Subtilitas
1212 2570 1314 2623 autem
1335 2556 1403 2632 ista,

70 2648 211 2712 cernitur
239 2648 271 2712 in
297 2648 474 2712 definiendo
503 2659 535 2710 et
562 2652 833 2730 argumentando,
868 2671 1000 2731 quarum
1032 2671 1138 2713 rerum
1167 2662 1265 2713 artem
1298 2650 1396 2714 tradit

72 2742 182 2825 toycam*
205 2764 264 2807 scu
283 2744 475 2822 διαλεκτική.
528 2740 581 2805 Sic
604 2739 722 2806 Cicero
742 2743 842 2806 Tusc.
864 2742 931 2805 lV.
957 2745 1011 2806 11.
1046 2765 1117 2806 cum
1144 2749 1259 2811 παθῶν
1286 2745 1395 2810 defini·

69 2839 169 2900 tiones
194 2849 227 2900 et
251 2824 490 2900 distributiones
513 2835 684 2900 informas
707 2837 878 2899 attulisset:
914 2838 1029 2902 Habes
1050 2859 1107 2914 ca,
1139 2860 1226 2922 quae
1251 2840 1292 2903 de
1310 2862 1393 2924 per·

70 2932 324 2996 turbationibus
339 2934 511 2994 enucleate
526 2929 705 3014 disputant
725 2931 849 3008 Stoici,
873 2953 960 3015 quae
975 2931 1080 3016 logica
1095 2935 1287 3016 appellant,
1312 2933 1395 3018 quia

71 3028 290 3092 disseruntur
311 3025 483 3090 subtilius.
529 3026 610 3089 Eua.

151 3125 426 3205 Λογοδαίδαλος,
459 3118 648 3197 artificiosi
676 3120 845 3183 sermonis
853 3118 1071 3210 fabricator.
1110 3122 1223 3197 „Haec
1241 3134 1393 3189 tractasse

71 3218 347 3296 Thrasymachum
376 3213 627 3279 chalcedonium
654 3214 791 3296 primum
818 3225 848 3276 ct
871 3214 1065 3279 Leontinum
1085 3215 1193 3278 lerunt
1213 3218 1391 3302 Gorgiam,

71 3313 282 3375 Theodorum
304 3311 376 3372 inde
400 3309 588 3388 Byzantium
617 3309 797 3392 multosque
821 3308 919 3383 alios,
954 3331 1037 3393 quos
1061 3312 1315 3394 λογοδαιδάλους
1339 3334 1395 3396 ap·

68 3405 165 3486 pellat
190 3405 223 3467 in
247 3406 398 3469 Phaedro
421 3406 590 3467 Socrates:
625 3423 762 3485 quorum
786 3402 860 3465 satis
879 3415 992 3485 arguta
1015 3405 1129 3479 multa,
1163 3407 1218 3467 sed
1240 3418 1274 3467 ut
1297 3409 1392 3472 modu

68 3499 270 3582 primumque
288 3497 447 3560 nascentia
463 3498 580 3559 minuta
596 3506 628 3558 ct
642 3495 875 3561 versiculorum
898 3496 1011 3560 similia
1028 3500 1182 3583 quaedam
1203 3498 1393 3587 nimiumque

68 3592 235 3675 depicta.''
282 3594 405 3658 Orator
427 3593 487 3665 12,
512 3591 566 3655 39.

151 3689 318 3771 Λόγοισιν
343 3687 556 3772 Ἑρμόδωρος
588 3687 600 3763 (
609 3688 647 3748 ad
679 3687 890 3768 supplendum
918 3685 1080 3769 integrum
1108 3687 1265 3751 senarium
1293 3689 1394 3768 addc)

68 3782 300 3869 innupsisset,
337 3782 433 3845 libris
461 3782 700 3846 Hermodorus
731 3793 962 3845 mercaturam
971 3779 1087 3874 sarit.
1132 3784 1172 3846 ad
1193 3782 1266 3845 Ars.
1289 3782 1394 3847 Xlll.

68 3875 125 3954 21,
150 3878 187 3940 t.
230 3879 312 3941 Vid.
334 3877 503 3941 Onomast.
527 3896 555 3938 s.
578 3897 612 3938 v.
635 3876 886 3939 Hermodorus.

150 3974 273 4052 Λύττη,
304 3970 502 4055 aegritudo.
548 3968 680 4053 „Ipsam
697 3969 929 4054 aegritudinem
953 3971 1055 4048 λύπην
1078 3965 1282 4053 Chrysippus
1304 3968 1395 4055 quasi

69 4067 184 4145 λύσιν,
217 4068 337 4144 idest,
373 4063 565 4131 solutionem
588 4064 687 4129 totius
710 4063 864 4143 huminis,
899 4065 1089 4148 appellatam
1111 4065 1245 4148 putat.'’
1291 4066 1392 4128 Tusc.

68 4161 134 4227 Ill.
156 4164 221 4239 25,
246 4163 301 4224 51.

8 4246 10 4285 ³
148 4260 312 4344 Λυρικοί,
334 4253 438 4341 lyrici
459 4275 505 4316 sc.
521 4257 657 4336 poetae,
682 4253 734 4338 qui
757 4257 795 4318 ad
813 4255 901 4334 lyrae
917 4265 1041 4317 cantum
1062 4253 1201 4317 carmina
1217 4254 1391 4338 scripsere,

69 4351 178 4434 quales
200 4354 284 4415 inter
305 4351 450 4413 Graecos
470 4346 648 4423 Pindarus,
673 4349 832 4425 Alcaeus,
857 4348 940 4412 iuter
961 4347 1096 4412 Latinos
1116 4348 1271 4412 Horatius
1291 4351 1393 4416 fuere.

72 4447 151 4525 „ses
173 4446 207 4509 in
230 4444 378 4507 versibus
395 4464 447 4505 res
474 4453 522 4504 est
541 4442 702 4524 apertior,
727 4463 916 4528 qttamquam
938 4442 1029 4505 etiam
1047 4463 1064 4505 a
1087 4443 1189 4506 modis
1205 4444 1392 4528 quibusdam

71 4553 157 4604 cautu
176 4551 308 4604 remoto
330 4537 435 4602 soluta
459 4537 604 4600 videatur
626 4557 695 4598 csse
719 4535 823 4599 oratio
843 4536 1042 4620 maximeque
1061 4535 1094 4598 id
1115 4536 1147 4599 iu
1168 4537 1291 4619 optimo
1312 4558 1394 4623 qaro-

73 4657 125 4716 pre
152 4656 269 4698 corum
293 4636 482 4717 po'e'tarum,
517 4628 571 4715 qui
602 4637 728 4717 λυρικολ
752 4652 769 4691 a
797 4629 931 4693 Graecis
957 4630 1183 4709 nominantur,
1219 4651 1392 4716 quoscum

74 4742 158 4793 cautu
182 4728 394 4812 spoliaveris,
419 4727 500 4789 nuda
522 4746 622 4807 paene
645 4736 787 4788 remanet
815 4723 964 4789 oratio.''
1009 4725 1132 4790 Orator
1154 4725 1211 4803 55,
1237 4724 1311 4788 183.

147 4825 281 4903 Λύσις,
313 4820 452 4887 solutio.
503 4820 636 4904 ,lpsam
660 4818 890 4906 aegritudinem
922 4819 1023 4899 λύπην
1050 4818 1269 4904 Chrysippus,
1302 4816 1393 4903 quasi
