3202 5318
153 344 216 408 124
629 335 778 401 INDEX
798 333 980 400 LEGUM.

154 483 357 566 woffrtnderet
374 481 465 543 loeus
488 475 637 550 Asconii,
661 497 769 540 omnes
790 473 832 537 ita
854 473 1155 554 interpretarentur,
1178 484 1231 544 ut,
1255 473 1353 539 semel
1368 496 1461 540 eausa

154 577 279 659 ‚‚dicta,
313 571 509 656 pronuntiari
531 591 647 653 posse,
681 570 785 631 mitius
806 569 846 631 sit
866 566 1162 648 comperendinatu‚
1196 578 1291 652 atque
1321 578 1357 632 ut
1382 574 1461 635 adeo

155 669 246 751 „ipsa
268 667 381 733 Acilia
402 665 507 729 mitior
529 663 571 726 sit
589 684 681 747 quiam
704 662 863 734 Seruilia,·
884 663 1010 743 quando
1026 659 1056 722 in
1079 660 1223 723 omnibus
1244 661 1314 725 aliis
1336 663 1461 747 legibus

153 758 466 844 „comperendinatio
491 759 588 820 maius
614 777 672 820 reo
697 756 870 838 periculum
896 765 995 816 creat.
1047 752 1184 830 Cicero,
1218 767 1253 818 ut
1281 758 1348 820 hoc
1370 757 1462 821 etism

153 857 304 930 ,addam,
329 874 392 918 uon
414 850 506 913 dicit:
536 862 689 932 ereptam
711 870 784 911 εεεε
813 850 886 930 lege
909 847 1022 911 Acilia
1045 849 1402 930 comperendinatum,
1426 871 1463 912 ac

152 946 357 1029 „necessario
385 944 517 1026 primum
543 963 635 1005 canusa
662 942 742 1004 dicta
769 940 1005 1022 pronuntiatum
1031 961 1099 1003 esse
1108 984 1118 1015 ,
1150 963 1215 1004 non
1242 940 1368 1007 licuisse
1398 965 1462 1007 am·

151 1040 296 1123 „pliare;
329 1042 384 1102 scd
415 1036 549 1118 primum
577 1055 668 1097 causa
695 1034 777 1096 dicta
804 1034 939 1096 licuisse
971 1036 1191 1113 pronuntiare.
1236 1035 1361 1116 Quodsi
1388 1048 1463 1119 post

149 1133 355 1216 „Serviliam
375 1130 490 1198 Acilia
512 1129 571 1191 lata
595 1140 676 1191 esset
698 1138 729 1190 et
745 1125 925 1191 severitatis
940 1146 1032 1188 eausa
1047 1129 1344 1209 comperendinatus
1358 1131 1462 1193 adem·

150 1239 248 1309 ,ptus
270 1225 350 1301 reis,
375 1225 537 1287 dicendum
557 1222 669 1284 luisset
690 1220 884 1295 necessario,
908 1220 1086 1302 oportebat
1104 1221 1238 1305 primum
1261 1223 1343 1288 dicta
1370 1245 1462 1288 caasa

150 1317 406 1404 „pronuntiari”
449 1318 612 1379 Hactenus
636 1315 776 1378 Ernesti.
1124 1319 1127 1325 '

231 1415 306 1476 Lex
341 1410 513 1491 Calpurnia
544 1412 583 1470 de
613 1408 795 1490 repetundis
824 1409 887 1470 lata
918 1417 965 1470 est
998 1428 1027 1470 a.
1060 1428 1093 1471 u.
1124 1408 1198 1470 604.
1227 1429 1245 1471 a
1274 1410 1463 1493 Calpurnio

146 1506 271 1570 Pisone
296 1504 403 1586 Frugi
429 1503 558 1565 tribuno
586 1503 699 1583 plebis.
741 1505 820 1565 Eam
845 1523 874 1564 a.
903 1522 934 1568 ιι.
957 1502 1031 1564 otu.
1054 1512 1160 1563 secuta
1188 1513 1237 1563 est
1263 1503 1401 1567 Servilia
1422 1507 1462 1567 de

147 1598 347 1682 repetundis,
368 1598 431 1659 lata
447 1617 464 1659 a
480 1596 623 1659 Servilio
639 1597 785 1659 Glaucia
806 1595 934 1657 tribuno
955 1593 1072 1676 plebis,
1102 1615 1162 1676 qiua
1185 1595 1323 1676 primum
1345 1599 1463 1662 consti

148 1704 247 1754 tutum
270 1703 335 1765 est,
360 1702 393 1751 ut
413 1691 745 1770 comperendinaretur
768 1709 859 1760 reus3
883 1700 971 1750 antea
993 1710 1051 1769 per
1069 1688 1168 1772 legem
1185 1688 1392 1770 Calpurniam
1408 1691 1462 1755 vel

147 1784 278 1848 iudicari
296 1783 400 1864 primo
419 1794 548 1864 poterat
567 1804 656 1857 reus,
683 1783 731 1844 vel
754 1781 922 1862 amplius
945 1782 1144 1861 pronuntiari
1159 1804 1175 1844 a
1191 1781 1368 1858 iudicibus,
1391 1805 1461 1847 eum

146 1879 266 1944 seilicet
295 1877 412 1940 iudices
448 1877 645 1939 declararent
679 1875 738 1938 sibi
772 1873 952 1936 alterutrius
990 1875 1090 1955 partis
1125 1875 1285 1938 actionem
1323 1879 1461 1941 noudum

146 1971 278 2052 liquere.
321 1973 403 2034 Post
429 1970 595 2032 Serviliam
618 1970 732 2035 Acilia
753 1971 813 2031 lata
838 1983 884 2031 est
906 1991 935 2032 a.
959 1991 992 2031 u.
1016 1971 1089 2031 652.
1113 1990 1129 2031 a
1150 1969 1217 2034 Μ’.
1240 1968 1357 2033 ΑειἹίο
1379 1973 1461 2035 Gla·

144 2065 264 2128 briona
291 2063 563 2144 tribunoplebis,
598 2086 656 2147 quia
682 2064 883 2125 constitutum
911 2073 977 2138 est,
1013 2074 1046 2124 ut
1075 2083 1187 2125 canisae
1214 2064 1459 2144 repetundarum

146 2179 205 2221 tana
229 2159 352 2221 actione
373 2168 605 2240 peragerentur
627 2169 657 2218 et
679 2157 940 2231 absolverentur,
964 2166 997 2218 ut
1018 2156 1116 2237 prima
1133 2155 1256 2218 actione
1271 2155 1391 2221 iudices
1412 2156 1459 2219 uel

145 2250 320 2314 iudicarent
347 2252 399 2314 vel
428 2251 596 2331 amplius
619 2251 870 2332 pronuntiarent.
915 2253 1010 2313 Hanc
1035 2251 1184 2315 Aciliam
1212 2249 1316 2332 legem
1346 2244 1459 2333 viginti

146 2345 234 2408 annis
259 2357 333 2426 post
363 2358 469 2407 secuta
497 2357 544 2407 est
569 2345 620 2406 lex
646 2346 806 2409 Cornelia
834 2347 871 2408 de
893 2343 1093 2425 repetundis,
1127 2364 1208 2427 quae
1234 2340 1459 2425 cotaperendi·

144 2438 301 2502 nationem
324 2439 396 2520 lege
419 2438 533 2503 Acilia
554 2440 716 2517 sublatam
735 2438 873 2500 restituit
901 2450 932 2500 et
958 2438 1125 2522 graviores
1148 2438 1205 2511 iis,
1240 2436 1294 2519 qui
1322 2435 1460 2500 damnati

145 2545 267 2607 essent,
301 2553 422 2615 poenas
447 2533 575 2595 addidit.
620 2534 709 2595 Haec
735 2534 785 2594 lex
810 2533 968 2596 Cornelia
991 2535 1114 2596 valebat
1136 2552 1176 2596 eo
1199 2531 1272 2615 ipso
1298 2541 1457 2613 tempore,

144 2646 210 2709 quio
233 2625 350 2690 Cicero
373 2626 512 2688 Verrem
534 2630 775 2708 repetundarum
799 2630 977 2691 occursabat.

227 2721 333 2781 Totus
360 2719 456 2801 igitur
483 2720 574 2782 locus
605 2717 791 2792 Ciceronis,
827 2721 864 2779 de
887 2741 952 2803 quo
977 2718 1160 2782 dissentiunt
1187 2717 1248 2781 viri
1276 2717 1364 2781 docti
1387 2728 1458 2783 aste

142 2810 310 2886 nominati,
335 2811 540 2894 mea'quidem
556 2812 706 2874 sententia
727 2812 772 2874 sic
792 2813 997 2893 explicandus
1020 2826 1079 2877 est.
1118 2813 1246 2879 Adime
1258 2811 1353 2877 ειιίιιι
1367 2832 1460 2876 cous·

138 2904 419 2984 perendinatum,
444 2906 477 2966 h.
501 2926 532 2967 e.
556 2917 589 2966 tu
616 2905 688 2966 mihi
715 2906 844 2981 obiieis,
870 2908 1041 2982 Hortensi,
1075 2928 1123 2970 me
1145 2905 1457 2988 comperendinatum

142 2995 199 3057 tibi
221 2995 376 3071 adimere,
399 2998 469 3080 lege
492 3019 554 3081 qua
578 3019 660 3059 nrnnc
688 2997 804 3061 utimur
830 3000 980 3063 Cornelia
1002 3002 1191 3064 restitutum.
1236 2999 1340 3082 Quod
1358 2998 1460 3103 {sabel

127 3090 199 3151 ‘lex
221 3089 399 3171 (Cornelia)
422 3091 458 3155 in
479 3113 516 3154 εε
538 3092 827 3169 molestissimum,
859 3095 910 3156 bis
932 3107 969 3157 ut
991 3116 1097 3157 caraea
1119 3094 1268 3168 dicatur,
1296 3102 1361 3157 aut
1381 3112 1459 3165 msa

140 3201 246 3244 causa
270 3184 388 3265 potius
413 3196 465 3247 εει
496 3172 736 3259 condatum,
768 3210 870 3271 qaam
899 3201 977 3262 tua,
1012 3199 1074 3250 aut
1102 3187 1209 3250 nihilo
1237 3198 1300 3249 tua
1317 3184 1456 3270 potitae,

139 3296 243 3358 quam
271 3299 359 3340 mea.
402 3281 497 3344 Nam
524 3280 556 3341 εἰ
583 3280 634 3343 bia
666 3280 778 3343 dicere
806 3294 858 3345 εει
890 3283 1123 3357 commodum,
1153 3273 1247 3344 'certe
1275 3278 1458 3381 utriusque

139 3390 317 3433 commuue
344 3383 407 3434 eat.
451 3373 490 3437 Si
516 3395 612 3448 eum,
647 3375 706 3457 qui
728 3376 903 3456 posterius
928 3376 1040 3453 dixit,
1075 3377 1111 3452 (i.
1142 3397 1172 3438 e.
1202 3395 1309 3453 reum,
1341 3372 1397 3458 qui
1423 3370 1458 3437 is

138 3462 263 3526 actione
284 3465 556 3545 priorersecundo
580 3468 653 3530 loco
676 3467 835 3546 dixerat,)
857 3490 944 3552 opus
965 3481 1017 3535 εει
1036 3469 1219 3553 redargui,
1243 3464 1458 3533 acctmatoris

136 3576 261 3631 causa,
285 3570 323 3620 ut
342 3557 396 3622 tais
415 3572 595 3642 ageretur,
620 3562 842 3625 constitutum
856 3575 923 3637 εει,
947 3563 1014 3648 (quui
1029 3563 1114 3637 scil,
1138 3575 1172 3626 ut
1189 3573 1274 3624 recte
1290 3558 1458 3625 Manutius

35 3692 40 3703 ·
138 3649 277 3724 monuit,
312 3672 381 3714 cum
414 3652 523 3715 ultimo
546 3654 619 3717 loco
643 3654 673 3716 in
695 3656 1028 3737 comperendinatione
1051 3658 1149 3731 dicat,
1183 3655 1383 3720 defensorem
1407 3674 1457 3717 re-

136 3742 280 3827 darguit3
314 3743 356 3807 ita
387 3746 498 3809 melior
527 3746 593 3809 eius
621 3769 714 3830 quarn
748 3749 923 3813 defensoris
954 3749 1096 3814 conditio
1131 3752 1203 3829 est).
1262 3753 1394 3814 Verum
1418 3757 1457 3809 ιιι

136 3835 260 3918 opinor
281 3838 464 3918 (Servilius)
485 3841 630 3903 Glaucia
649 3841 784 3923 primus
805 3846 846 3921 (a.
869 3865 903 3905 u.
927 3843 1012 3923 649.)
1034 3844 1134 3921 ιιιιίι,
1162 3856 1200 3907 ιιι
1221 3837 1457 3924 comperendi-

135 3942 280 3994 naretur
300 3953 400 4007 reus,
424 3946 526 3996 antea
547 3935 632 4017 (lege
659 3933 850 4017 Calpurnia,
875 3958 968 4022 quam
990 3938 1049 4000 hac
1072 3958 1113 4000 ex
1135 3948 1226 4019 parte
1250 3946 1326 4017 post
1346 3931 1458 3998 Serri·

137 4022 209 4085 liam
231 4025 335 4089 Acilia
358 4027 508 4108 restituit)
530 4030 581 4090 cel
601 4028 749 4091 iudicari
768 4031 883 4112 primo
902 4026 1067 4113 poterats·
1085 4034 1136 4094 ael
1158 4031 1196 4110 (si
1220 4028 1342 4093 iudices
1369 4024 1458 4091 dise·

135 4128 206 4179 rent
234 4118 292 4182 sibi
322 4141 385 4184 noo
415 4121 550 4204 liquere)
582 4122 752 4203 amplius
778 4125 1013 4205 pronuntiari.
1065 4128 1186 4187 Utram
1214 4123 1323 4206 igitur
1348 4130 1458 4205 putas

134 4211 244 4293 legem
265 4213 481 4278 molliorem?
523 4215 647 4295 opinor
668 4215 763 4277 illam
783 4229 929 4281 veterem
951 4218 1168 4299 (Calpurniam
1192 4219 1231 4279 ab
1254 4216 1359 4281 Acilia
1383 4218 1456 4299 lege

134 4309 334 4387 revocatam)
365 4330 434 4392 qua
461 4311 512 4372 vel
541 4309 609 4371 cito
635 4308 765 4371 absolvi
794 4309 833 4389 (si
860 4311 960 4391 prima
992 4310 1116 4377 actione
1146 4311 1247 4374 statim
1278 4307 1456 4372 iudicarent

133 4391 283 4477 iudices,)
314 4405 368 4465 uel
392 4403 491 4466 tarde
518 4402 740 4465 condemnari
768 4403 904 4467 licebat:
940 4409 1066 4487 (nempe
1093 4406 1119 4468 si
1145 4404 1263 4468 iudices
1287 4400 1455 4485 amplias

133 4491 405 4569 pronuntiassent.
449 4497 498 4560 Ita
521 4497 564 4559 L.
585 4493 702 4560 Cottae
725 4497 764 4557 ab
781 4496 938 4562 Africano
961 4498 1084 4562 iuniore
1106 4499 1243 4562 accusati
1266 4517 1359 4559 eausa
1381 4514 1456 4578 sep·

133 4577 193 4642 ties
208 4585 352 4664 ampliata
369 4601 433 4652 est:
451 4590 566 4653 Valer.
583 4591 677 4652 Max.
694 4589 795 4654 Vlll.
812 4593 859 4669 1.)
901 4596 982 4674 Ego
997 4593 1059 4657 tibi
1072 4594 1170 4656 illam
1180 4592 1329 4660 Aciliam
1342 4592 1456 4677 legem

134 4673 279 4738 restituo
310 4680 386 4760 (qua
412 4681 703 4764 comperendinatio
731 4704 748 4745 a
771 4685 904 4746 Servilia
931 4685 1077 4749 instituta.
1093 4685 1207 4749 iterum
1230 4685 1353 4747 sublata
1375 4685 1451 4762 est),

133 4788 203 4853 qua
229 4769 304 4853 lege
331 4773 430 4837 multi
456 4778 559 4839 semel
588 4777 759 4851 accusati,
795 4781 899 4841 semel
919 4778 1010 4843 dicta
1031 4800 1155 4858 cauea,
1189 4781 1295 4843 semel
1320 4776 1453 4841 auditis
