3202 5318
493 288 502 299 ’
569 332 1004 405 eunuco-Lemnos.
1427 347 1470 411 es

140 470 287 539 Ciliciam
307 486 375 539 tres
396 475 572 556 διοικήσεις
598 475 628 539 in
653 476 730 542 Asia
753 478 910 553 habebat,
937 478 1172 563 Cibyraticum,
1199 484 1413 568 Apamensem
1440 498 1473 552 et

139 570 392 648 synnadensem.
438 572 514 634 Hoc
533 591 628 635 sensu
652 571 875 654 Hellespontia
902 579 1063 656 διὸίκησις
1087 576 1213 640 dicitur.
1263 579 1348 645 Hinc
1375 582 1471 648 bodie

137 683 271 748 quoque
300 664 404 727 Gallis
430 664 586 730 eiusmodi
615 665 726 747 portio
750 667 936 748 provinciae
963 670 1078 733 dicitur
1111 693 1158 733 un
1188 672 1331 738 diocese.
1384 677 1469 741 Enu.

221 758 402 835 Διονύσιος
422 770 459 825 ἐν
484 763 660 847 Κορίνθῳ,
684 760 882 848 Dionysius
906 763 1077 827 Corin'tlti.
1130 767 1167 826 ad
1193 769 1264 840 Att.
1289 767 1354 832 lx.
1376 769 1415 846 9,
1441 771 1471 834 1.

137 850 245 933 Origo
263 853 433 935 proverbii
454 853 530 917 satis
550 865 625 917 nota
650 865 710 917 est.
733 853 770 917 In
795 854 922 917 dubium
949 857 1079 921 roravit
1100 857 1266 942 volgarem
1286 860 1468 944 opinionem

136 948 175 1008 de
197 944 362 1026 Dionysio
388 947 612 1032 ludimagistro
640 948 725 1012 Rev.
751 948 957 1013 Heumannus
980 951 1011 1014 in
1037 950 1174 1033 epistola
1201 956 1240 1016 ad
1265 957 1470 1038 Raphelium.

135 1041 267 1104 Locum
281 1039 454 1107 Ciceronis
470 1041 570 1124 ipsum
585 1054 673 1108 recte
687 1041 915 1123 interpretatur
928 1045 1166 1128 Montgaltius,
1201 1048 1289 1112 cuius
1311 1049 1470 1133 interpre-

138 1135 292 1200 tationem
317 1158 352 1199 r.
381 1137 467 1216 apud
493 1135 656 1200 Olivetum
686 1137 726 1198 ad
754 1137 789 1198 h.
816 1135 840 1199 l.
869 1138 956 1201 Eun.
1009 1139 1091 1219 Quia
1119 1139 1294 1224 Dionysius
1316 1155 1470 1224 tyrannus

138 1230 267 1295 Siciliae
288 1230 455 1310 tyrannide
482 1230 602 1293 eiectus
630 1226 801 1304 Corinthi,
835 1243 869 1293 ut
891 1230 987 1295 vitam
1013 1245 1224 1311 sustentaret,
1266 1237 1372 1302 ludum
1395 1263 1471 1322 ape.

137 1324 245 1388 ruisse
265 1324 444 1400 dicebatur,
472 1346 526 1388 res
549 1324 633 1387 uenit
656 1325 688 1388 in
709 1324 932 1407 proverbium.
978 1324 1133 1392 Ceterum
1156 1331 1255 1393 uerba
1278 1329 1468 1402 Ciceronis:

140 1418 221 1499 „Be
242 1419 451 1500 optimatibus
471 1417 512 1483 sit
532 1439 607 1483 sane
630 1418 671 1482 ita
697 1417 815 1493 utris,
839 1421 895 1483 sed
917 1420 1001 1485 nosti
1023 1421 1118 1487 illud:
1153 1424 1329 1504 Διονύσιος
1345 1439 1382 1495 e'r
1397 1435 1470 1499 Ko-

136 1512 279 1601 pirbsp.‘'
337 1514 461 1597 optime
502 1512 548 1576 sic
579 1512 806 1596 interpretatur
838 1511 869 1575 in
905 1513 1051 1578 versione
1087 1516 1203 1600 gallica
1240 1519 1466 1607 Mongaltius:

135 1611 303 1695 ‚Denys,
335 1621 444 1695 tyron
474 1607 515 1670 de
547 1610 740 1694 Syracuse,
776 1617 889 1692 ayant
913 1612 968 1672 e'te'
990 1611 1129 1687 clrosse',
1157 1632 1195 1675 se
1224 1610 1334 1678 retiro
1355 1618 1380 1681 ὰ
1404 1622 1469 1687 σο.

134 1703 250 1765 rintlre
276 1713 369 1768 etse
395 1703 444 1766 vit
466 1701 599 1777 reduit,
630 1722 724 1782 pour
744 1701 930 1778 subsister,
963 1703 1098 1767 &tenir
1120 1705 1161 1769 de
1190 1707 1314 1788 pedites
1342 1716 1468 1782 duoles.

134 1800 195 1863 Get
216 1801 377 1881 exemplo
398 1797 441 1860 de
463 1799 498 1860 la
518 1795 716 1859 vicissitude
738 1794 800 1859 des
820 1797 940 1859 choses
961 1798 1142 1862 leumaines
1160 1821 1269 1883 passa
1285 1803 1408 1889 depuis
1425 1833 1468 1874 ιιι

127 1891 313 1975 proverbe.
345 1890 503 1974 l’lrilippe
533 1889 575 1953 de
603 1888 813 1955 Macedone
836 1902 949 1976 ayant
970 1893 1056 1955 e'crit
1076 1915 1153 1956 aux
1174 1896 1468 1968 Loce'de'moniene

132 2007 199 2049 une
226 1988 328 2050 lettre
352 1986 465 2070 pleine
487 1985 698 2049 debentem·
720 1994 754 2046 et
776 1983 819 2046 de
840 2004 1012 2061 mersores,
1044 1985 1088 2050 its
1108 2010 1136 2073 y
1157 1991 1382 2072 re'ponrlirent
1396 2019 1468 2082 por

136 2102 193 2145 ees
213 2081 316 2145 deuse
336 2093 444 2144 mots:
466 2080 642 2155 Διονύσιος
663 2089 698 2143 εἰ
720 2081 888 2165 Koptrbp.
936 2079 1036 2145 Voiei
1057 2081 1271 2149 maintenant
1292 2088 1469 2174 l’opplica.

132 2176 206 2240 bon
228 2198 297 2260 que
322 2176 467 2241 Cice‘ron
482 2171 568 2266 soit
595 2173 636 2237 de
662 2196 699 2236 ce
716 2175 897 2257 proverbe.
945 2175 1042 2239 Voue
1065 2198 1118 2239 me
1140 2198 1322 2264 marquez,
1353 2184 1466 2262 duit,

134 2292 198 2354 que
221 2272 273 2333 les
297 2290 384 2354 gens
400 2269 443 2331 de
467 2268 626 2360 bienuqui
644 2279 724 2332 sont
748 2269 771 2329 ὰ
791 2271 916 2345 Rome,
942 2279 1101 2333 trouvent
1124 2294 1189 2356 que
1202 2271 1273 2356 j’ai
1298 2273 1374 2339 bien
1383 2276 1468 2367 fait

135 2363 177 2425 de
197 2363 382 2426 demeurer
402 2384 445 2425 en
466 2362 587 2434 Italie,·
608 2366 690 2425 c'est
709 2383 815 2445 parce
837 2383 902 2445 pue
919 2363 1028 2427 Ce'sar
1048 2374 1102 2426 est
1116 2365 1331 2432 maintenont
1344 2372 1376 2432 le
1386 2374 1469 2455 plus

125 2456 229 2548 fort.
274 2457 375 2522 Mais
405 2478 489 2520 vous
519 2479 621 2521 sauez
643 2456 796 2520 rombien
819 2457 853 2517 Ia
863 2454 1022 2546 fortrrne
1044 2470 1096 2520 est
1115 2458 1351 2537 inconstanter
1381 2477 1416 2528 et
1435 2467 1469 2531 si

136 2554 197 2616 elle
219 2551 335 2614 renuit
356 2553 379 2614 ir
399 2572 436 2615 se
458 2552 615 2615 de'clorer
636 2571 678 2613 en
688 2546 829 2641 sooeur
850 2551 892 2611 de
914 2552 1081 2633 Pompre'e,
1116 2555 1226 2636 quelle
1247 2556 1349 2619 leonte
1371 2561 1468 2625 alors

131 2665 225 2728 pour
255 2645 329 2709 noi
356 2645 398 2708 de
431 2666 473 2708 ne
504 2644 625 2708 l'auoir
648 2663 715 2726 pas
733 2641 843 2707 suini!
893 2644 926 2708 11
953 2644 1145 2730 s'explique
1172 2646 1346 2714 lbdessus
1378 2653 1485 2719 dane·

134 2740 287 2803 d'autres
308 2740 479 2815 endroits‚
501 2760 632 2802 comme
653 2737 741 2800 dans
763 2739 798 2799 lu
819 2738 995 2803 troisidme
1008 2741 1108 2803 lettre
1123 2739 1172 2802 du
1187 2742 1350 2808 huitieme
1364 2747 1467 2813 liure:

133 2834 395 2920 subeundumque
410 2834 585 2915 periculum
602 2831 660 2908 sit,
684 2853 756 2895 cum
778 2831 886 2915 aliquo
908 2832 996 2895 lorte
1018 2835 1197 2911 dedecore,
1221 2842 1350 2921 quando
1364 2841 1466 2906 Pom.

133 2927 220 3010 peius
246 2948 315 2990 rem
339 2929 497 3010 publicam
513 2927 725 3008 rectspersrit.
769 2928 801 2991 ll
822 2926 1014 3012 s’explique
1028 2948 1150 2992 encore
1163 2933 1244 3011 plus
1265 2933 1466 3000 clairement

133 3035 164 3085 et
187 3025 272 3106 plus
301 3045 351 3085 ars
377 3025 461 3107 long
488 3023 577 3085 dans
604 3024 638 3083 la
666 3021 827 3083 lruitidme
852 3023 952 3084 lettre
977 3022 1025 3084 du
1046 3023 1196 3087 dixidme
1219 3025 1315 3089 livre.
1371 3031 1466 3094 ,Ιόιι

134 3137 278 3180 aasurer
306 3138 371 3201 pue
401 3120 450 3181 les
473 3126 763 3181 commentateurs
789 3115 883 3178 n'ont
902 3115 1002 3198 point
1024 3117 1174 3199 compris
1196 3121 1226 3182 Ie
1249 3140 1327 3185 sens
1349 3124 1390 3187 de
1412 3138 1465 3189 cet

135 3211 282 3274 endroit.
327 3214 378 3277 Ils
388 3211 483 3302 font
505 3212 580 3274 dire
602 3213 624 3272 ὰ
646 3210 789 3274 Cire'ron
813 3209 897 3295 qu’il
917 3212 1134 3293 apprehende
1157 3213 1259 3296 qu’on
1281 3236 1322 3278 ne
1344 3219 1395 3280 lui
1412 3242 1466 3281 re·

133 3308 258 3389 proclre
286 3327 354 3368 une
384 3306 435 3368 vie
465 3304 570 3369 oisiue
599 3315 632 3367 et
655 3305 809 3367 obscure.
863 3309 911 3367 Le
939 3305 1104 3387 proverbe
1133 3309 1308 3386 Διονύσιος
1332 3321 1368 3375 ἐν
1393 3316 1466 3378 Κο-

137 3408 236 3483 ρίνθῳ
264 3400 323 3462 n’a
338 3399 475 3481 jamnis
496 3404 551 3463 e'te'
569 3400 647 3482 pris
669 3419 710 3461 en
732 3421 770 3460 ce
792 3418 871 3461 sens
892 3409 925 3461 et
948 3421 971 3460 a
991 3398 1155 3483 toujours
1175 3405 1230 3463 ἑτέ
1257 3405 1418 3490 applique'
1443 3408 1467 3470 ir

137 3495 377 3559 l'inconstunre
398 3496 439 3558 de
457 3494 494 3555 la
503 3493 674 3584 fortune.
720 3494 755 3555 S.

218 3583 441 3674 Διόσκουροι,
477 3587 681 3663 lovisfilt't',
717 3585 837 3652 Castor
860 3597 891 3647 et
923 3587 1058 3650 Pollux.
1116 3591 1341 3681 ,Διόσκουροι
1374 3593 1465 3657 etiam

136 3687 216 3766 apud
239 3684 360 3746 Graios
385 3682 492 3745 multis
516 3682 617 3745 modis
640 3681 854 3744 nominantur.
869 3679 888 3703 '’
932 3683 970 3743 de
994 3683 1071 3746 Nat.
1097 3682 1202 3747 Deor.
1227 3686 1294 3749 lll.
1319 3687 1377 3764 tt,
1410 3690 1464 3752 53.

216 3782 342 3857 Διπλῆ,
369 3778 487 3860 dupla.
534 3776 598 3856 „In
622 3776 736 3860 qttibus
759 3774 927 3855 (Pompeii
951 3775 1085 3855 litteris)
1108 3779 1353 3845 animadvertito
1376 3782 1462 3845 illum

134 3872 260 3947 locum,
287 3873 340 3935 ubi
364 3873 425 3934 erit
448 3871 581 3950 διπλῆ.”
627 3872 665 3933 ad
690 3874 761 3934 Au.
784 3871 887 3934 VIll.
913 3871 950 3945 2,
976 3872 1007 3932 l.
1053 3873 1112 3934 Est
1136 3896 1236 3958 genus
1259 3888 1370 3950 notae,
1401 3898 1464 3960 qua

134 3982 258 4030 veteres
289 3965 517 4051 grammaticos
546 3985 623 4028 usos
651 3965 748 4028 luisse
771 3975 909 4028 constat.
966 3966 1014 4027 Ea
1038 3977 1085 4028 est
1108 3969 1146 4030 de
1168 3970 1289 4031 duabus
1312 3967 1401 4031 lineis
1425 3972 1466 4033 ad

136 4061 285 4145 angulum
310 4073 436 4124 acutum
460 4059 667 4134 coc‘untibus3
691 4061 754 4123 hoc
778 4063 875 4123 modo
907 4069 943 4125 <
964 4070 1016 4120 arnt
1038 4075 1097 4136 >,
1120 4061 1193 4125 item
1219 4062 1264 4124 sic
1287 4060 1361 4126 CC.
1386 4061 1463 4126 Vid.

132 4159 245 4221 doctos
276 4154 365 4219 viros
396 4177 466 4217 cum
497 4157 535 4216 ad
562 4155 597 4216 h.
623 4154 658 4230 l.,
684 4165 748 4216 tum
772 4156 907 4237 Menag.
932 4156 971 4216 ad
997 4154 1102 4240 Diog.
1124 4157 1238 4218 La'c'rt.
1262 4154 1330 4219 111.
1355 4156 1408 4218 ot.
1433 4167 1464 4219 et

131 4250 242 4315 Schol.
267 4252 309 4312 ad
333 4251 504 4331 Aristoph.
529 4251 640 4312 Nubes
662 4248 811 4330 pluribus
838 4249 930 4311 locis.
987 4250 1197 4311 Escbenbsrh
1227 4250 1264 4311 de
1293 4248 1378 4311 notis
1401 4249 1465 4314 cri·

131 4343 199 4407 ticis
231 4364 266 4425 p.
294 4342 354 4406 ttt
386 4365 436 4427 sq.
466 4344 683 4407 Moutlaucon
713 4342 886 4428 Palaeogr.
912 4344 973 4405 Gr.
999 4365 1031 4424 p.
1054 4344 1128 4405 352.
1154 4346 1260 4407 Troz.
1284 4345 1322 4406 ad
1345 4344 1463 4431 Hugo·

133 4460 199 4503 nem
224 4439 265 4501 de
290 4438 377 4522 orig.
401 4439 499 4501 scrib.
527 4460 562 4519 p.
587 4438 661 4499 280.
687 4439 771 4500 Eun.

215 4536 390 4619 Jurbtpur
418 4533 491 4607 (alii
522 4538 735 4615 drmbepluc),
770 4531 850 4594 libri
879 4554 897 4593 e
927 4531 1135 4594 membranis
1148 4529 1264 4620 facti.
1318 4537 1357 4598 ad
1388 4536 1460 4599 Art.

137 4629 232 4696 xttl.
257 4629 313 4691 2¹1.
337 4661 379 4673 —
424 4627 477 4689 Sic
499 4627 729 4709 interpretatur
751 4627 831 4687 beno
854 4625 1040 4700 Victorius,
1065 4624 1117 4708 qni
1133 4632 1294 4719 διφθέρας
1316 4650 1356 4692 ex
1381 4631 1414 4694 b.
1438 4630 1461 4695 l.

139 4723 242 4789 laedat
265 4724 306 4785 ad
326 4723 474 4784 Varron.
497 4722 542 4785 tt.
567 4722 610 4784 R.
635 4721 681 4785 ll.
702 4731 789 4783 extr.
812 4721 898 4784 Eun.

216 4819 308 4897 Δίκα
331 4841 393 4899 μοι
413 4815 502 4892 νόος,
525 4817 699 4903 ἀτρέκειαν
724 4824 839 4893 εἰπεῖν,
868 4813 1014 4899 ambigis
1039 4815 1177 4884 animur
1201 4819 1385 4884 adrerum
1410 4818 1463 4881 di·
