3202 5318
567 322 996 429 ansteo-manns.
1419 356 1460 425 st
1556 358 1570 389 ’

223 506 381 593 ΙΙρίπον,
413 504 589 569 decorum.
645 506 714 587 „Ut
744 503 825 567 eninr
853 502 889 566 in
909 504 992 579 vita,
1027 503 1073 567 sic
1094 502 1124 568 in
1148 502 1291 569 oratione
1313 500 1388 565 nihil
1412 512 1460 566 cst

136 598 302 664 tiffietim
322 621 417 685 quaro
440 600 517 684 qnid
540 602 652 664 deceat
671 599 792 663 videre.
816 602 951 687 Ilptnoa
971 599 1132 683 appellant
1150 600 1212 662 hoc
1235 597 1375 662 Graeci:
1399 616 1460 660 nos

135 692 281 758 dica-ns
301 714 379 757 sane
399 693 603 758 deeorrtm.”
652 695 773 760 Orator
795 695 853 768 21,
878 696 929 757 to.
954 729 995 740 -
1046 694 1149 774 „Hoc
1176 692 1250 756 loco
1282 688 1461 754 continetur

131 786 186 864 tt,
217 789 309 874 qnod
333 785 396 851 tici
425 784 542 850 Latine
571 787 734 852 decorum
755 798 881 871 potest:
912 788 1038 850 Graece
1060 788 1140 850 enim
1164 797 1286 873 πρέπον
1305 782 1460 850 dicitnr.''

132 882 174 945 tle
196 879 299 946 otte.
321 881 351 945 1.
375 880 432 958 27,
458 882 510 946 93.

217 975 433 1063 Πρόβλημα,
455 975 625 1060 quaestio.
651 976 759 1056 „lllud
782 997 882 1039 meum
909 975 1077 1058 proprium
1099 977 1295 1073 πρόβλημα,
1321 992 1459 1057 quaeso,

131 1064 307 1153 suscipe.”
358 1072 397 1132 atl
420 1070 491 1133 Att.
515 1069 600 1134 vlt.
626 1074 663 1145 1,
696 1071 726 1135 2.
749 1099 790 1114 -·
834 1070 928 1151 „Iam
949 1069 1171 1151 explicandum
1195 1083 1243 1134 est
1265 1068 1458 1154 πρόβλημα,

132 1163 161 1227 ai
190 1164 270 1248 qnid
301 1172 432 1227 acturus
462 1162 540 1226 es.'‘
594 1166 634 1226 ad
658 1167 731 1228 Au.
754 1162 838 1229 XII.
863 1164 900 1241 2,
923 1163 954 1226 2.
1001 1163 1251 1230 Confer'Alto
1275 1163 1460 1250 πρόβλημα.

221 1258 412 1344 Πρόβλνγμα
431 1258 684 1346 Ἀρχιμῆὃειον,
708 1258 865 1342 quaestio
891 1259 1139 1334 Archimeden,
1173 1258 1197 1322 i.
1221 1280 1251 1322 e.
1279 1258 1372 1320 valde
1400 1252 1463 1317 dit-

136 1348 232 1415 fieilia
259 1362 292 1416 et
319 1354 473 1418 obsettra.
520 1354 616 1434 ,Sed
644 1354 683 1416 de
706 1351 833 1417 Catone
856 1352 1031 1438 πρόβλημα
1051 1353 1285 1440 Ἀρχιμῆδειον
1306 1352 1388 1415 est.''
1422 1348 1464 1411 ad

130 1442 383 1530 εΑ11.ΧΙΙ.’1,
407 1446 440 1509 2.
485 1446 615 1511 Atticus
639 1446 770 1513 volebat
799 1445 989 1511 Ciceronem
1017 1449 1054 1511 de
1085 1445 1209 1511 Catone
1238 1445 1389 1510 seribere.
1420 1472 1462 1487 ·-

139 1535 260 1619 „Abiit
281 1538 382 1617 illud,
415 1542 503 1623 quod
529 1551 593 1603 tum
625 1561 674 1602 me
700 1538 898 1618 stimulabat,
934 1544 1023 1626 quod
1053 1539 1110 1603 tibi
1146 1532 1256 1604 dabani
1287 1540 1462 1625 πρόβλημα

134 1632 412 1721 ’‘ingerentem'’
432 1637 472 1696 ad
496 1635 565 1698 Att.
589 1635 692 1698 XIII.
717 1635 775 1711 28,
808 1634 840 1698 3.

222 1729 397 1816 ΙΙροβολή.
455 1730 615 1812 „Semper
644 1727 824 1793 Carneades
854 1731 1021 1814 προβολὴν
1048 1728 1165 1815 pugilis
1194 1740 1224 1791 et
1253 1726 1463 1821 retentionem

135 1822 269 1907 aurigae
298 1824 432 1888 slmiletn
457 1823 537 1887 lacit
557 1824 719 1909 ἐ.νοχῇ.”Ι
753 1826 792 1885 ad
816 1823 886 1886 An.
911 1826 1011 1888 XIII.
1036 1823 1095 1899 21,
1127 1824 1159 1886 3.
1205 1824 1364 1910 ΙΙροβολὴ
1394 1833 1460 1897 est,

135 1913 313 1999 interprete
337 1916 470 1981 Budaeo
500 1917 530 1981 iu
558 1915 686 1982 Comm.
715 1919 776 1980 Gr.
806 1919 848 1979 L.
872 1939 906 1999 p.
939 1917 1015 1981 390.
1038 1928 1151 1981 status
1173 1918 1304 2003 pugilis
1325 1917 1361 1981 in
1378 1938 1464 2002 pro·

136 2011 252 2075 cinctae
268 2013 397 2076 atentia
414 2012 651 2097 occasioniqne
676 2009 880 2099 inferendae
896 2015 1024 2097 plagae
1045 2011 1271 2087 imminentis,
1294 2000 1329 2074 οἱ
1347 2011 1464 2095 agito·

136 2104 224 2169 toria
245 2104 284 2168 in
308 2106 505 2169 carceribus
526 2127 632 2190 equos
653 2126 861 2190 crateramque
882 2105 1096 2190 sustinentis.
1122 2107 1199 2169 Inde
1221 2105 1314 2170 etiam
1337 2107 1377 2167 ad
1406 2105 1464 2168 rni-

140 2198 213 2263 lites
242 2199 459 2285 transfertur,
496 2199 550 2282 qui
579 2201 611 2262 in
640 2200 706 2262 acie
734 2211 817 2262 stant
838 2199 994 2282 proiectis
1019 2201 1117 2262 scutis
1146 2198 1298 2283 impetum
1325 2201 1461 2266 hostium

140 2305 368 2377 exspectantes
389 2306 421 2357 et
443 2293 649 2377 excipientes,
681 2304 712 2356 et
740 2303 864 2376 tempus
890 2293 1026 2376 impetus
1054 2293 1191 2356 faciendi
1219 2293 1366 2358 idoneum
1389 2317 1463 2379 spe-

136 2386 299 2467 annae,
320 2390 406 2471 apud
427 2389 634 2453 Plutarchum
664 2388 696 2450 iu
728 2386 890 2463 Caesare,
927 2408 1019 2471 quem
1045 2387 1151 2450 locum
1177 2386 1257 2450 idem
1279 2387 1333 2450 ille
1355 2389 1473 2453 attulit'

138 2482 287 2547 numm
311 2486 337 2548 1.
364 2505 396 2546 ο.
446 2482 497 2547 De
524 2480 674 2545 militibus
697 2479 805 2546 Latini
830 2480 956 2543 dieunt:
989 2480 1159 2564 proiicere
1181 2493 1329 2546 sentum.
1374 2485 1463 2565 Qua·

138 2576 301 2663 &igetius
318 2579 405 2661 aptrd
428 2575 565 2641 Gellium
590 2577 654 2645 IX.
675 2577 727 2639 13.
772 2574 891 2639 Graeci
913 2576 1164 2663 προβάλλεσθαι
1183 2578 1309 2641 ἀσπίδα
1325 2596 1377 2659 ap.
1396 2581 1464 2643 Ae·

137 2669 255 2735 Ιίιιω
279 2672 330 2753 Y.
358 2671 405 2735 H.
428 2671 477 2736 II.
501 2693 577 2755 cap.
601 2671 660 2734 ult.
684 2683 716 2733 et
738 2671 777 2732 ab
799 2671 859 2732 hac
875 2669 1073 2752 proiectione
1093 2671 1176 2746 serui
1197 2680 1297 2733 status
1321 2670 1372 2735 ille
1395 2674 1465 2759 gla-

135 2763 294 2829 diatorius
326 2776 359 2829 et
387 2765 530 2832 militaris
562 2765 752 2848 appellatur.
813 2765 964 2827 Adiieere
993 2763 1098 2846 placet
1123 2764 1228 2827 locum
1256 2765 1402 2832 eGellio
1423 2772 1463 2834 ‹le

138 2858 198 2922 tue
213 2879 252 2922 re
271 2858 444 2944 irriguerat
467 2858 578 2926 εἰπεῖν·
599 2860 762 2938 (athletae)
784 2858 832 2920 od
852 2858 1053 2921 certandum
1074 2858 1187 2923 vocati
1206 2858 1373 2942 proiectis
1393 2864 1462 2928 alte

136 2952 285 3017 brochiia
312 2952 523 3029 consistunt,
553 2966 721 3038 caputque
743 2965 776 3016 et
798 2972 960 3016 ossuum
983 2952 1140 3015 monibus
1161 2952 1332 3036 oppositis
1361 2958 1463 3040 qunti

138 3049 226 3112 mtto
236 3049 488 3132 praemuniunt
506 3059 569 3110 cet.
593 3050 676 3109 uude
698 3050 736 3109 de
759 3069 793 3110 ea
817 3068 853 3110 re
870 3062 983 3135 χεῖρας
997 3049 1127 3132 ἀεῖραι,
1149 3050 1267 3130 χειρῶν
1281 3050 1460 3129 ἀνάταοις,

140 3140 269 3206 licitur.
299 3164 331 3207 v.
362 3141 485 3226 Caper.
517 3143 599 3207 Obs.
630 3141 659 3204 I.
693 3143 745 3204 12.
775 3164 809 3223 p.
839 3141 892 3204 88.
924 3142 977 3224 qui
1009 3143 1100 3204 etiam
1124 3142 1235 3216 docet,
1270 3142 1333 3208 hoc
1359 3145 1462 3226 ipsum

138 3239 268 3317 ἀνέχειν
289 3237 350 3301 dici
373 3257 426 3320 ap.
450 3237 607 3319 Apollon.
632 3237 742 3299 lllrnd.
767 3238 810 3299 L.
831 3237 878 3300 ΙΙ.
903 3258 936 3298 ν.
961 3237 1013 3300 67.
1066 3237 1119 3298 Ex
1141 3237 1191 3298 his
1212 3236 1346 3322 intelligi
1368 3239 1461 3303 facile

138 3343 265 3413 potest,
299 3334 465 3416 qttomodo
489 3330 649 3396 Carneadi
671 3328 703 3390 in
726 3342 860 3393 mentem
883 3331 1024 3407 venerit,
1053 3343 1086 3392 ut
1104 3329 1178 3393 huie
1202 3335 1352 3417 προβολῇ
1372 3353 1461 3397 cotn-

138 3437 268 3508 pararet
290 3426 412 3504 ἐποχὴν
431 3447 536 3499 suam,
561 3424 785 3488 retentionem
807 3446 982 3488 merosus.
1028 3427 1112 3487 Ean.

220 3519 439 3607 Πρόδρομος,
453 3519 686 3602 prodromus,
707 3536 929 3603 praecursor.
977 3566 992 3592 „
1004 3518 1089 3582 Mihi
1110 3517 1296 3600 Pompeiani
1319 3521 1461 3610 πρόδρο.

139 3641 194 3696 μοι
226 3612 372 3677 nontiant
397 3625 508 3696 aperte
534 3613 725 3695 Pompeium
754 3624 895 3675 acturum
929 3612 1074 3677 Antonio
1104 3613 1231 3675 srrceedi
1260 3620 1460 3696 oportere.’'
1591 3652 1596 3667 ι

142 3711 177 3771 acl
199 3708 274 3771 Att.
298 3709 328 3772 l.
352 3709 410 3782 12,
440 3710 472 3770 1.

83 3832 85 3841 ·
221 3806 450 3888 Προηγμένον,
470 3803 697 3886 productum,
714 3813 928 3885 promotum,
945 3801 1203 3885 praepositum,
1216 3802 1457 3888 praecipuum.
1481 3874 1485 3883 ¹

143 3896 308 3983 „Itemque
330 3897 403 3959 hinc
424 3918 493 3960 esse
516 3897 592 3961 illud
618 3909 780 3972 exortum,
810 3899 896 3979 quod
918 3896 1008 3959 Zeno
1031 3911 1250 3984 προηγμένον,
1281 3910 1458 3984 contraque

142 3995 224 4077 qaod
246 3994 522 4077 ἀποπροηγμένον
547 3991 740 4067 nominavit,
765 4013 834 4053 cum
860 4003 1002 4054 uteretur
1020 3990 1051 4052 in
1077 3991 1183 4075 lingua
1207 3992 1338 4074 copiosa
1363 3993 1456 4058 lactis

141 4098 241 4151 bueo
266 4086 445 4150 nominibus
468 4108 505 4148 ac
527 4088 633 4151 novis.
669 4123 709 4132 -
731 4118 771 4129 -
793 4122 834 4132 -
862 4086 1023 4161 Utenim,
1058 4085 1177 4171 inquit,
1213 4107 1305 4151 nemo
1328 4087 1404 4150 dicit
1425 4090 1457 4152 in

140 4182 222 4269 regia
257 4202 370 4265 regem
399 4180 502 4263 ipsum
531 4183 619 4265 qnasi
643 4180 860 4263 productum·
875 4202 942 4243 esse
965 4182 1004 4242 ad
1027 4180 1210 4264 dignitatern
1234 4181 1287 4256 (id
1310 4182 1390 4245 eninr
1409 4196 1457 4246 est

142 4278 380 4363 νροςγμένον),
411 4277 467 4339 scd
493 4297 566 4353 eos,
600 4275 708 4359 quiin
734 4275 841 4358 aliquo
864 4277 987 4339 honore
1005 4275 1084 4351 sint,
1115 4296 1252 4361 quorum
1276 4279 1357 4340 ortlo
1380 4300 1458 4359 pro-

83 4388 86 4395 '
142 4370 215 4437 n'une
237 4371 383 4443 accedit,
407 4382 441 4433 nt
467 4373 624 4434 secundus
645 4370 685 4433 sit
712 4372 749 4431 ad
775 4369 898 4453 regium
923 4369 1153 4451 principatum:
1183 4367 1282 4430 sicin
1305 4369 1369 4434 vita
1392 4393 1456 4436 non

83 4498 87 4509 ·
145 4484 189 4543 ea,
211 4486 298 4553 qnae
321 4462 475 4547 primario
498 4465 573 4531 loco
596 4475 685 4542 sunt,
710 4467 764 4527 sed
787 4485 842 4538 ea,
867 4486 949 4547 quae
970 4464 1141 4527 secundum
1164 4462 1268 4525 locum
1293 4464 1454 4542 obtinent,

148 4574 344 4646 προηγμένα,
372 4556 404 4621 id
432 4571 497 4636 est,
526 4559 697 4642 producta
724 4558 937 4621 nominentur.
990 4555 1082 4636 Quae
1112 4555 1161 4616 vel
1189 4554 1232 4618 ita
1263 4559 1456 4639 appellemus

83 4692 91 4703 »
150 4652 269 4729 lilerit
291 4655 429 4717 verbum
453 4676 470 4717 e
494 4655 608 4734 verbo)
632 4654 682 4719 vel
700 4665 865 4738 promota
886 4651 957 4726 vel,
987 4662 1022 4713 ut
1045 4652 1159 4713 (ludum
1182 4648 1332 4729 diximus,
1352 4677 1457 4738 prae-

152 4751 249 4827 posita
272 4748 327 4814 rel
348 4745 558 4832 praecipato,
581 4758 614 4811 et
636 4748 686 4811 illa
702 4748 840 4813 reiecta.
876 4748 924 4812 ue
948 4744 1028 4807 enirn
1050 4743 1206 4807 intellecta
1229 4746 1261 4809 in
1284 4751 1457 4812 verborum

158 4860 202 4907 aaa
217 4844 332 4910 laciles
355 4862 427 4907 esse
447 4842 609 4907 debemus.
620 4842 639 4871 ''
683 4844 720 4906 tle
744 4842 839 4906 Fine.
862 4838 930 4905 ΙΙΙ.
956 4841 1014 4916 15,
1039 4841 1091 4903 51.
1117 4839 1172 4917 to,
1196 4841 1249 4907 52.
1273 4877 1312 4888 -
1342 4841 1455 4922 ,Ista,
