3202 5318
589 304 742 373 iunux
760 254 985 373 iuuenes.¹
1358 304 1422 377 eu

93 399 219 515 Genu
285 444 404 517 Cassii
420 445 574 532 Lpngini
588 445 708 511 tribuni
726 445 830 527 plebis
845 442 876 509 a}
892 466 925 511 u·
943 444 1018 510 616.
1035 444 1104 531 (qui
1117 447 1272 531 scopulus
1284 470 1418 521 neemia
1549 432 1554 447 ¹

86 540 121 607 in
139 540 262 626 prset'
310 536 413 604 dictus
436 551 501 615 est,
525 539 679 626 cuiusque
700 541 744 603 ob
763 539 965 603 severitatem
986 539 1105 605 iudices
1122 540 1227 606 severi
1248 540 1324 607 dicti
1342 552 1419 607 suut

86 633 250 727 Ceuisui)
270 633 314 699 de
329 635 454 718 populi
474 633 622 709 iudicio,
647 645 682 697 ut
698 631 818 699 Cicero
835 644 931 698 vocat
950 634 988 697 de
1003 633 1150 718 Legibus
1165 636 1188 701 l.
1202 656 1235 699 c.
1278 638 1327 701 Ea
1343 638 1417 723 legs

83 720 241 795 nemun
261 738 328 804 est,
350 738 391 792 ut
410 728 555 793 tabellae
575 728 680 793 etiam
700 728 737 790 in
749 726 882 791 iudicio
894 727 1016 813 populi
1028 728 1293 807 adhiberentur,
1311 752 1418 815 prae·

80 834 245 909 tanquam
271 819 310 885 iu
336 821 467 887 iudicio
489 821 750 906 perduellionis.
793 818 894 886 Cous.
916 842 979 903 pro
1000 821 1114 889 Sextio
1141 844 1172 887 c.
1195 824 1250 890 18.
1296 825 1360 891 Sed
1384 824 1419 893 ia

80 918 146 981 bae
173 914 250 1017 ΙΨ
277 914 485 1000 intelligenda
506 912 583 979 mibi
606 914 754 978 videntur
776 913 867 978 miilti
888 914 974 979 docti
997 915 1141 981 homines
1163 938 1228 985 non
1255 918 1333 984 satis
1353 918 1419 985 vitu

79 1004 259 1076 vertutum
279 1007 461 1094 percipere.
505 1009 589 1075 llam
616 1007 661 1072 ita
684 1008 781 1073 rideo
805 1007 874 1073 iere
896 1008 1043 1092 accipere
1064 1010 1148 1121 hanq
1168 1012 1290 1099 legem,
1323 1023 1358 1077 ut
1377 1014 1419 1083 ds

79 1102 136 1169 bie
155 1101 282 1169 iudiciis
302 1103 364 1167 lata
387 1102 445 1180 sit,
469 1122 551 1186 quae
573 1102 606 1166 iu
628 1101 767 1169 comitiis
788 1100 902 1187 populi
920 1102 1018 1179 bant,
1042 1107 1130 1189 quod
1148 1104 1274 1175 duur
1292 1106 1335 1171 de
1353 1127 1420 1193 po·
1549 1120 1552 1125 ’

77 1197 160 1284 pult
179 1197 328 1273 dedicios
350 1199 441 1283 quod
465 1209 515 1262 est
535 1194 664 1263 falsum.
707 1197 790 1260 Nam
815 1195 849 1259 iu
873 1195 922 1260 bis
946 1196 1039 1261 etiam
1061 1197 1186 1267 iudiciis
1205 1200 1344 1267 tabellae
1363 1200 1421 1265 sd·

81 1293 251 1368 bibeutsu,
274 1313 358 1377 quae
378 1313 403 1355 a
415 1290 550 1357 selectis
563 1290 734 1355 iudicibus
752 1300 963 1367 exercentur,
987 1302 1082 1377 atque
1100 1293 1133 1357 id
1152 1316 1194 1359 ex
1210 1293 1422 1379 legeceastre

82 1387 205 1452 &aare
235 1395 332 1470 atque
360 1395 434 1451 ante
460 1405 543 1450 voce
573 1380 818 1468 pronuntiatum
847 1406 916 1450 esse
943 1397 1043 1469 put03
1077 1390 1166 1473 quod
1189 1387 1284 1453 etiam
1306 1398 1420 1471 postea

84 1482 194 1548 unxit
215 1480 269 1545 lex
290 1480 453 1547 Cornelia
475 1481 513 1544 de
537 1477 693 1544 sententia
714 1477 865 1556 ferenda,
900 1488 936 1543 ut
958 1480 1094 1545 liberum
1118 1493 1202 1548 esset
1227 1502 1287 1547 reo
1306 1486 1422 1565 postu·

84 1576 171 1641 lere.
204 1570 424 1659 precluus.
447 1596 478 1645 e,
501 1574 556 1639 21).
599 1572 737 1656 Derepit
758 1576 872 1639 doctos
892 1573 1037 1639 bomines
1058 1596 1127 1641 vox
1144 1574 1286 1661 populie
1314 1594 1419 1661 neque

84 1668 334 1744 intellexeruut,
356 1669 478 1755 populi
497 1667 628 1734 iudicia
649 1666 713 1733 diei
737 1689 802 1733 nou
821 1668 927 1733 solum
942 1688 1004 1745 ea,
1028 1690 1111 1754 quse
1131 1671 1171 1732 ab
1188 1668 1341 1734 universo
1358 1688 1420 1753 po-

85 1764 169 1849 pulo
186 1762 218 1828 in
239 1760 378 1828 comitiis
401 1775 559 1849 aguntur,
592 1765 648 1828 sed
667 1762 771 1827 omnia
789 1760 944 1845 publiea,
971 1763 1007 1827 b.
1031 1783 1081 1841 e.,
1104 1764 1136 1827 in
1157 1764 1271 1850 quibus
1292 1782 1419 1827 saeuas

80 1856 242 1943 publicae
256 1867 311 1921 aut
324 1855 474 1921 erimina
485 1857 640 1941 publica,
665 1877 747 1939 quae
762 1867 938 1933 vocantur,
962 1855 1097 1921 iudicari
1111 1856 1234 1934 solent,
1258 1868 1417 1942 tamquam

84 1954 125 2016 de
139 1948 345 2033 repetundis,
370 1951 409 2015 de
423 1950 562 2026 ambitu,
586 1952 626 2014 de
642 1949 689 2028 ri,
713 1950 751 2014 de
768 1949 948 2025 maiestate,
972 1962 1035 2015 cet.
1079 1952 1288 2015 Haecautesu
1302 1946 1420 2015 iudicia

79 2044 206 2130 popesli
225 2044 358 2109 isuiieia
378 2044 594 2130 appellantur,
616 2044 740 2128 punio,
763 2044 837 2130 quia
860 2042 936 2109 olim
958 2043 1027 2128 ipse
1052 2046 1193 2129 populus
1213 2052 1417 2122 exercuere,

83 2160 158 2203 eura
185 2149 317 2222 postes,
352 2138 592 2223 quaestiouibus
618 2138 783 2223 perpetuis
813 2159 844 2201 a.
868 2159 900 2203 ιι.
923 2138 1012 2215 tut,
1046 2136 1193 2223 adeoque
1213 2150 1285 2203 ante
1312 2139 1419 2225 leges·

83 2232 263 2312 vasatum,
297 2232 449 2299 constitui
477 2232 620 2316 coeptis,
654 2231 759 2298 omnia
786 2251 804 2294 s
831 2231 960 2296 selectis
987 2231 1141 2297 iudicibus
1171 2242 1418 2309 exercerentur,
1545 2252 1548 2257 ·

85 2335 221 2411 praeter
247 2348 344 2391 unum
368 2327 618 2410 perduellionis
639 2324 824 2401 iudicium,
858 2329 946 2409 quod
974 2326 1047 2409 lege
1075 2325 1238 2409 excipitur
1264 2336 1297 2388 et
1316 2345 1418 2411 usque

87 2424 129 2487 ad
150 2421 256 2506 legens
276 2420 405 2489 Iuliam
427 2421 468 2485 de
490 2421 524 2486 ui
545 2420 656 2504 populi
679 2419 819 2503 universi
832 2418 908 2495 luit,
932 2440 967 2484 v.
990 2422 1130 2486 Hotom.
1154 2420 1194 2482 ad
1215 2420 1318 2484 Vere.
1337 2418 1367 2485 1.
1381 2418 1417 2486 5.

86 2527 120 2583 et
140 2515 240 2583 Oret.
261 2535 325 2597 pro
347 2515 462 2579 Rabir.
483 2514 602 2599 Perde
626 2512 756 2588 deiude,
780 2512 854 2596 quia
874 2512 978 2590 iussn,
1001 2514 1129 2599 legibus
1154 2511 1267 2597 populi
1289 2523 1322 2576 et
1340 2512 1416 2579 loco

85 2605 202 2694 populi
222 2628 243 2673 a
262 2607 421 2673 iudicibus
442 2609 754 2673 administrabantur.
799 2605 873 2673 cie.
896 2607 997 2673 Vere.
1017 2608 1065 2671 V.
1089 2607 1147 2673 48³
1191 2609 1272 2690 Quo
1290 2602 1419 2697 soffre-

86 2703 186 2791 gisnt
204 2703 320 2769 socii?
333 2740 349 2755 ·
365 2740 381 2755 ·
401 2704 450 2768 ad
462 2704 629 2787 papirium
643 2705 840 2771 Romanurn
853 2698 1088 2793 conffugient?
1096 2698 1229 2793 facilis
1242 2713 1297 2767 est
1308 2720 1421 2767 sarua

82 2798 224 2883 poputi.
265 2800 395 2883 Legem
416 2798 508 2863 enim
528 2818 565 2861 se
584 2795 760 2881 sociorunp
778 2816 887 2861 casseu
904 2796 1048 2862 iussisse
1067 2808 1101 2863 st
1131 2818 1192 2861 nos
1209 2797 1244 2861 ei
1261 2796 1335 2881 legi
1354 2819 1417 2865 eu·

86 2893 206 2957 under
230 2913 273 2957 ac
292 2892 442 2958 uindices
459 2890 706 2977 praeposuisse
729 2888 831 2953 dicet.
875 2891 969 2955 Haec
989 2892 1124 2954 tenenda
1147 2902 1222 2955 sunt
1243 2889 1416 2969 tironibiu,

89 3007 160 3049 cuin
179 2985 307 3073 legunt,
329 3008 412 3071 quae
428 2986 579 3071 Sigonius
596 2986 635 3047 de
649 2981 780 3049 Iudiciis
794 2985 839 3048 L.
855 2985 924 3049 111.
941 3006 971 3048 c.
989 2988 1020 3048 1.
1037 2986 1070 3050 2.
1094 2986 1133 3050 de
1143 2985 1267 3070 populi
1287 2984 1418 3051 udicio

84 3077 181 3143 dixit.
224 3080 341 3164 Neque
363 3080 444 3144 enim
467 3080 543 3144 satis
568 3077 715 3142 distincte
736 3100 803 3141 reru
825 3078 971 3156 tradidit,
995 3090 1027 3142 et
1052 3101 1088 3142 ea
1111 3090 1274 3162 tempora,
1301 3081 1416 3165 quibus

84 3193 198 3238 omnes
225 3194 338 3238 causae
367 3173 515 3257 publicae
543 3175 593 3237 ad=
614 3172 769 3254 populum
796 3175 974 3258 agebantur
999 3173 1153 3258 solaeque
1174 3178 1416 3238 controversiae

83 3267 233 3352 privatae
247 3270 287 3331 ad
303 3267 522 3354 magistratum
538 3266 605 3330 siue
620 3265 757 3330 consilio
773 3266 910 3331 iudicum
927 3269 1124 3351 agebantur,
1142 3268 1183 3330 ab
1196 3267 1247 3331 bis
1258 3267 1415 3348 disunxit,
1467 3348 1471 3357 ι

84 3360 203 3445 quibus
226 3362 373 3443 publicae
399 3382 514 3427 causae
535 3381 645 3425 omues
673 3364 713 3423 ad
737 3360 854 3425 iudices
881 3363 1037 3439 selectos,
1067 3373 1199 3445 praeter
1220 3382 1316 3426 unum
1343 3384 1420 3448 per-

85 3452 253 3519 duellionis
275 3455 416 3532 crimen,
446 3467 533 3519 actae
558 3466 643 3517 sunt.
688 3455 769 3518 Nasu
792 3466 823 3518 et
845 3456 1012 3537 peculatus
1037 3467 1070 3519 et
1092 3456 1264 3520 maiestatis
1290 3478 1416 3536 missae,

86 3568 166 3631 quas
194 3550 319 3631 populo
344 3550 493 3634 proprias
516 3547 615 3613 fuisse
643 3547 735 3624 dicit,
771 3551 811 3612 ad
839 3548 959 3613 iudices
983 3561 1072 3613 actae
1096 3562 1180 3616 sunt.
1222 3549 1302 3616 Vid.
1327 3572 1361 3614 v.
1384 3572 1415 3616 c.

86 3642 165 3706 Act.
189 3641 220 3706 l.
243 3641 275 3706 iu
297 3645 400 3707 Vere.
424 3666 454 3706 c.
480 3642 532 3706 13.
577 3640 745 3724 Inprimis
765 3641 869 3706 clarus
889 3643 979 3708 locus
1003 3645 1294 3710 estVerr.1.llt
1332 3648 1419 3711 Gor·.

86 3737 181 3803 uelia
197 3739 474 3813 testamentoria,
498 3735 680 3815 numeria,
703 3749 835 3800 ceterae
855 3741 1067 3822 complures:
1088 3739 1124 3803 in
1139 3739 1262 3824 quibus
1276 3759 1345 3804 non
1359 3738 1424 3815 ius„

84 3831 229 3917 aliquod
246 3852 372 3898 nouum
389 3836 521 3917 populo
542 3829 783 3905 constituitur,
806 3831 869 3895 sed
887 3833 1057 3909 sancitur,
1083 3845 1139 3911 ut,
1163 3833 1256 3918 quod
1280 3853 1415 3916 semper

84 3926 218 3991 malum
226 3920 382 4015 facinere
390 3922 533 4018 fuerit,
557 3925 632 3989 eius
653 3924 810 4009 quaestio
831 3925 879 3989 ad
895 3928 1065 4009 populum
1081 3927 1268 4009 pertineat.
1311 3924 1414 4011 Atqui

83 4017 145 4081 bae
168 4020 390 4101 causaenpud
411 4020 547 4082 selectos
570 4017 689 4081 iudices
712 4029 813 4081 actae.
848 4020 930 4084 Eun.

169 4112 263 4197 Lege
285 4111 396 4179 Cassia
419 4112 570 4177 saneibim
592 4110 671 4187 suit,
703 4124 737 4175 ut
758 4112 891 4176 tabellae
915 4112 1008 4177 etiam
1028 4112 1060 4176 in
1084 4111 1201 4177 iudicio
1226 4112 1337 4194 populi
1359 4116 1413 4176 ad-

80 4205 285 4284 hiberentur3
310 4218 534 4290 praeterquam
558 4204 588 4268 in
611 4205 727 4270 iudicio
748 4207 991 4287 perduellionis.
1034 4205 1081 4270 At
1105 4226 1187 4270 vero
1209 4228 1416 4289 nonueiper2

80 4300 191 4382 spicue
213 4313 285 4364 sunt
307 4303 385 4366 baec
408 4302 507 4367 verba
530 4320 566 4363 ac
587 4300 682 4384 plane
705 4300 893 4364 manifesta?
931 4300 1010 4381 Quis
1033 4321 1168 4384 unquam
1193 4300 1360 4364 haesitabit
1379 4300 1411 4365 iu

82 4394 303 4479 explicando?
322 4394 502 4460 Haesitavit
525 4392 575 4457 vir
591 4391 791 4458 doctissimus
807 4395 988 4459 Ernestius.
1033 4395 1129 4457 Haud
1145 4393 1226 4457 enisu
1241 4392 1410 4471 intellexit,

79 4511 119 4555 ne
148 4490 181 4555 in
211 4489 350 4555 comitiis
382 4499 640 4554 commoreretur
667 4485 865 4568 optimatium
893 4487 985 4569 plebs
1017 4488 1086 4551 sire
1118 4486 1306 4551 auctoritate
1340 4488 1409 4555 sive

81 4585 216 4659 timore,
240 4585 362 4651 idcirco
386 4586 458 4669 lege
475 4584 530 4649 illa
543 4581 643 4649 luisse
657 4589 802 4656 ceritum,
826 4590 862 4643 ut
880 4601 920 4643 ne
935 4579 1010 4643 vira
1023 4600 1121 4653 voce,
1146 4581 1407 4666 quemadmodum

81 4690 176 4745 autea
202 4679 275 4744 fieri
305 4680 435 4746 solitum
463 4690 551 4757 erat,
585 4678 643 4742 sed
671 4673 766 4738 tacite
793 4695 852 4757 per
882 4673 1016 4739 tabellas
1047 4674 1200 4760 suffragia
1227 4675 1408 4743 ferrenturs

83 4784 201 4840 eontra
221 4773 284 4841 sibi
305 4775 462 4861 persuasit
489 4772 634 4842 Cassiani
655 4771 736 4835 hanc
757 4767 862 4855 legem
883 4768 967 4833 baud
988 4771 1030 4833 ad
1050 4769 1178 4835 comitia
1204 4769 1317 4857 populi
1337 4791 1408 4837 esse
