3202 5318
513 348 662 415 tubex
683 348 866 443 ιιοιιιι.
1138 320 1144 327 “
1332 351 1394 417 ιιι

67 494 187 578 ptione
209 500 276 568 est,
310 489 379 553 sive
403 491 545 556 Valeria
566 501 614 554 ost
634 488 704 553 tire
729 487 898 567 Cornelia3
932 490 1100 553 nonenim
1125 490 1202 553 novi
1222 512 1283 555 nec
1303 494 1392 555 scio:

72 604 184 649 emat
199 584 259 647 ista
281 584 351 666 ipsa
372 585 445 667 lege
467 586 549 647 bona
571 586 649 647 Sex.
672 582 783 648 noscit
806 582 916 657 t'ffltire
939 582 993 665 qui
1010 582 1210 665 potnerunt?
1232 585 1393 667 scriptum

73 679 157 744 enim
182 679 226 743 ita
252 678 359 741 dicunt
381 699 466 752 esse,
498 691 678 755 uteorum
701 676 792 741 bona
817 688 978 751 veneant,
1008 676 1067 761 qui
1085 678 1275 760 pwacripti
1295 690 1395 743 sunta

69 792 135 857 quo
156 772 190 837 in
212 792 344 836 numero
367 771 445 834 Sex.
464 771 599 836 Roscius
622 791 686 836 non
708 782 775 833 est:
797 782 859 834 aut
879 792 1018 845 eorum,
1042 770 1161 855 quiin
1178 771 1396 837 odmrsario·

66 872 148 932 r'rrt'n
164 865 355 951 praesidiis
376 865 479 930 occisi
499 876 592 928 eunt.
610 900 624 915 ·
639 900 654 915 ·
671 900 687 915 ·
721 863 849 948 Opinor
871 885 941 928 csse
963 865 994 927 in
1014 865 1109 947 lege,
1140 884 1233 948 quam
1255 866 1295 929 ad
1316 866 1396 930 dieto

66 959 325 1045 prpseriptiones
347 959 608 1043 venditionesque
630 959 725 1041 lllatite
765 958 911 1022 nimirum
935 961 979 1021 ad
1000 958 1206 1023 Kalendas
1226 951 1397 1024 Iunias.''

66 1076 129 1138 pro
153 1054 232 1117 Sex.
255 1053 379 1118 Roscio
401 1053 461 1126 dd,
487 1053 679 1116 tat-128.

155 1148 343 1231 „Valerius
354 1149 495 1212 Flaccus
507 1155 640 1230 praetor
652 1147 788 1210 Sullanis
804 1147 1000 1229 temporibus
1012 1145 1086 1209 luit.
1108 1146 1175 1210 Hic
1189 1146 1259 1210 tulit
1273 1147 1395 1231 legens
1456 1185 1466 1199 ·

68 1243 222 1328 quioquid
244 1242 331 1305 Sulla
357 1241 507 1316 dixisset,
542 1240 594 1304 lex
617 1253 713 1306 esset.
759 1240 793 1303 si
821 1242 897 1324 quid
919 1262 1001 1325 ergo
1030 1245 1069 1303 ad
1098 1238 1250 1324 populum
1275 1240 1399 1305 tulisset

71 1335 177 1412 Sulla,
201 1335 328 1400 valebat
347 1339 417 1420 lega
436 1334 605 1408 Cornelis;
629 1335 752 1419 siquid
776 1335 930 1399 voluisset
950 1334 1056 1397 Iacere
1076 1346 1108 1397 et
1130 1352 1194 1398 non
1217 1319 1342 1399 tulisset
1356 1332 1398 1397 a'd

70 1430 244 1513 populum,
267 1430 331 1495 boc
352 1430 478 1493 valebat
500 1429 572 1515 lege
597 1427 770 1494 Valeria?
814 1429 925 1492 Sobol.
949 1429 1101 1493 Gronov.
1122 1449 1157 1510 p.
1180 1429 1254 1496 636.

543 1589 656 1650 Vsum
678 1587 720 1651 de
742 1587 933 1651 maiestate.
951 1600 954 1607 '

161 1713 226 1794 „Q.
243 1710 388 1786 Varius,
405 1720 541 1792 propter
562 1711 732 1773 obscurum
748 1708 799 1771 ius
813 1708 949 1771 civitatis
963 1709 1126 1795 Hybrida
1140 1709 1395 1793 cognominatos,

73 1802 344 1885 tribunusplebis
372 1806 415 1882 (a.
439 1824 472 1864 ιι.
495 1802 586 1878 662.)
608 1804 710 1887 legem
736 1804 888 1865 adversus
913 1800 1172 1866 intercessionem
1199 1804 1397 1891 collegarum

71 1896 279 1982 pervagavit,
308 1917 369 1983 qua
392 1897 522 1959 iubebat
543 1895 674 1978 quaeri,
708 1916 844 2001 quorum
872 1895 948 1958 dolo
973 1894 1056 1962 malo
1076 1895 1156 1960 socii
1179 1899 1218 1960 ad
1239 1917 1326 1960 arma
1352 1897 1398 1961 ire

70 1986 177 2054 coacti
199 2002 321 2067 essent,
344 2011 456 2073 magna
475 2011 544 2051 cum
563 1989 651 2052 clade
670 1989 898 2072 reipublicae
925 1976 1057 2053 sociale
1057 2009 1140 2054 entm
1156 1990 1261 2073 prius,
1285 1990 1399 2055 deinde

72 2080 167 2149 civile
184 2084 300 2149 bellurn
318 2083 480 2147 excitarit.
524 2082 588 2146 Sed
609 2085 682 2146 dum
705 2096 782 2146 ante
796 2083 979 2164 pestiferum
1002 2080 1162 2146 tribunum
1181 2083 1284 2166 plebis
1305 2104 1399 2168 quam

70 2191 193 2242 certum
221 2178 322 2242 civem
343 2176 428 2263 agit,
453 2199 508 2240 sua
532 2180 583 2241 lex
608 2198 677 2240 eum
701 2175 884 2241 domesticis
908 2176 1026 2261 laqueis
1044 2177 1252 2241 constrictum
1274 2181 1400 2242 absum-

70 2270 169 2356 psit.''
212 2272 326 2337 Valer.
351 2270 443 2337 Max.
466 2271 568 2336 VIII.
593 2273 630 2347 6,
656 2273 689 2335 l.

159 2366 300 2441 „Italico
325 2366 410 2431 bello
434 2380 567 2442 exorto,
599 2389 669 2429 cum
700 2368 743 2429 ob
768 2364 863 2428 sociis
893 2377 1039 2450 uegetam
1062 2365 1219 2429 civitatem
1248 2364 1398 2431 nobilitas

72 2461 106 2524 in
124 2460 364 2536 invidia-esset,
388 2463 431 2545 Q.
457 2461 587 2526 Varius
606 2461 752 2523 tribunus
777 2459 879 2542 plebis
896 2459 999 2544 legem
1021 2459 1110 2536 tulit,
1134 2469 1171 2539 ut
1191 2473 1399 2547 qttaereretur

74 2555 157 2618 de''
136 2576 192 2630 us,
216 2575 362 2639 quorum
392 2576 454 2637 ope
481 2554 659 2619 consiliove
681 2552 762 2617 socii
786 2565 899 2616 contra
927 2553 1081 2636 populum
1105 2553 1283 2617 Romanum
1313 2576 1399 2618 arma

72 2646 317 2741 snmppissentf
362 2649 515 2713 Αιοοιι.Ι
506 2670 539 2710 ιιι
560 2650 675 2713 Satur.
698 2670 731 2730 p.
757 2646 811 2710 22.
914 2664 920 2673 ·

162 2742 280 2821 „Bello
303 2742 417 2806 Italico
440 2763 510 2804 cnm
532 2737 621 2805 multi
644 2741 732 2809 Vnt
720 2762 756 2804 ιιι
778 2740 874 2825 lege
865 2740 970 2824 mique
992 2743 1230 2819 damnarentur,
1255 2743 1346 2829 qnasi
1366 2743 1400 2808 id

75 2833 195 2897 bellum
219 2834 281 2898 illis
303 2835 487 2899 stratoribus
511 2824 682 2899 condatum
704 2845 803 2909 esset,
828 2835 1027 2942 crebraeque
1049 2834 1243 2902 delectiones
1269 2836 1403 2903 Italico·

70 2949 145 2991 roat
170 2929 407 3005 nuntiarentur,
439 2941 514 2992 turm
538 2930 581 2992 ob
605 2928 672 2992 eius
696 2927 845 2992 tristitiae
868 2928 1067 2992 occasionem
1091 2943 1215 2995 senatus
1242 2933 1396 3010 decrerit,

70 3043 112 3085 ne
133 3021 263 3099 iudicia,
288 3026 360 3086 dnm
384 3024 534 3087 tumultus
554 3024 681 3087 Italicus
705 3035 805 3099 esset,
829 3022 1085 3091 exercerentur”
1108 3025 1266 3091 Areon.
1257 3048 1287 3090 m
1310 3024 1399 3091 Cot·-

72 3116 138 3179 nel.
162 3138 192 3198 p
217 3118 270 3181 73.

162 3212 224 3277 Oi
214 3219 378 3289 euticie·-
395 3207 605 3278 didicens
625 3207 804 3298 Oliaros
815 3208 855 3293 dri
845 3236 984 3300 ιιορχον
995 3211 1127 3278 ἔπεισαν
1138 3208 1230 3298 εἰσιν)
1232 3210 1397 3327 siquodus,

69 3303 207 3411 κρίσεις
214 3296 297 3371 εἶναι
319 3305 404 3373 κατὰ
424 3329 486 3371 των
508 3330 577 3383 τοις
599 3278 836 3383 'lecciuuircuc‘
821 3313 870 3370 sni
893 3304 934 3370 roi
956 3303 1050 3372 κοινὰ
1076 3309 1225 3396 φανερῶς
1245 3306 1265 3388 ἢ
1285 3307 1398 3404 κρύφα

69 3394 308 3483 βοηθούντων,
342 3401 529 3475 ἐὶτισιινιες
554 3395 630 3472 τοὺς
658 3398 818 3476 deueroug
844 3393 993 3477 ἅπαντας
1025 3397 1144 3466 αὐτίκα
1176 3398 1221 3478 εἰς
1253 3403 1398 3492 ἔγκλημα

72 3493 264 3601 ἐπίφθονον
294 3487 485 3572 ὑπάξεσθαι
517 3498 572 3556 καὶ
600 3488 745 3557 δικάσειν
777 3501 836 3577 μὲν
862 3489 1018 3575 aboi„
1008 3499 1185 3560 cuorrs'umu
1211 3491 1242 3560 d'
1274 3498 1399 3565 ἐκείνων

72 3582 489 3671 s'scrodtiuduuarmrenou‘
471 3612 515 3651 ιιι
534 3588 591 3665 τῆς
581 3582 728 3661 πόλεως
743 3581 897 3673 ἐπάρξειν.
920 3588 1062 3669 Appian.
1079 3566 1163 3652 ltett.
1179 3587 1278 3655 civit.
1296 3591 1325 3655 1.
1342 3592 1396 3656 37.

160 3679 281 3759 „Genu
311 3680 490 3742 mehercule
520 3681 571 3742 M.
602 3679 776 3742 Antonium
807 3680 887 3754 vidi,
922 3698 991 3742 cum
1018 3694 1166 3745 contente
1187 3703 1249 3765 pro
1272 3704 1307 3748 se
1328 3685 1398 3769 ipse

71 3769 150 3855 lege
160 3730 282 3837 nVario
304 3772 439 3849 diceret,
462 3785 581 3835 terram
604 3772 771 3857 tangere.”
816 3772 949 3835 Tusettl.
975 3774 1022 3837 ll.
1045 3775 1103 3850 tt,
1129 3776 1181 3839 67.

159 3866 343 3939 ,Memoris
371 3879 480 3943 teneo,
512 3889 582 3928 crim
608 3867 742 3948 primum
767 3876 929 3929 senatores
956 3888 1026 3929 cnm
1053 3868 1212 3951 equitibus
1241 3868 1396 3937 Romanis

71 3958 148 4043 lege
164 3959 273 4024 Plotia
287 3960 477 4036 indicerent,
500 3961 657 4024 homiuem
680 3959 728 4022 dis
743 3981 780 4021 ac
799 3960 957 4023 nobilitati
976 3960 1189 4042 per-invisum,
1214 3960 1277 4029 Cn.
1297 3952 1398 4029 Pom·

71 4052 178 4134 priuos
200 4055 440 4133 (Strabonem),
472 4074 598 4116 causam
629 4054 700 4139 lege
729 4054 839 4121 Vario
864 4055 906 4118 de
934 4055 1114 4119 matertere
1139 4055 1289 4121 dixisse.''
1333 4076 1394 4139 pro

71 4144 229 4213 Cornelio
251 4168 303 4231 ap.
325 4150 448 4213 Ascon.
466 4168 506 4229 p.
531 4148 582 4211 79.

157 4243 240 4323 „Ab
265 4246 376 4308 eodem
403 4243 496 4304 etiam
526 4241 583 4322 (Q.
607 4241 745 4306 Servilio
766 4240 947 4325 Caepione)
974 4244 1047 4328 lege
1062 4243 1182 4310 'Vardo
1209 4254 1317 4309 custos
1336 4244 1393 4310 ille

66 4335 286 4420 reipublicae
307 4337 475 4415 (Scaurus)
497 4334 690 4418 proditionis
712 4347 759 4400 est
783 4336 813 4398 iu
836 4334 955 4400 crimen
978 4350 1127 4402 vocatus:
1152 4349 1286 4403 vexatus
1307 4359 1325 4402 a
1346 4342 1390 4423 Q.

69 4431 181 4495 Vario
209 4432 337 4496 tribuno
367 4433 468 4514 plebis
496 4445 543 4498 est
571 4453 633 4495 non
664 4431 763 4493 mirlto
792 4430 898 4493 ante.''
931 4451 993 4513 pro
1016 4431 1138 4496 Scauro
1158 4432 1190 4495 1.
1213 4432 1245 4495 3.
1289 4429 1391 4497 Conl.

66 4536 198 4608 praeter
223 4527 399 4590 Asconium
426 4526 575 4609 scriptor
604 4528 644 4588 de
674 4524 750 4587 viris
776 4523 893 4586 illustr.
917 4542 947 4586 c.
972 4524 1025 4586 72.
1069 4521 1304 4604 Qnintil.1nst.
1327 4527 1390 4593 Or.

67 4620 116 4683 V.
144 4620 201 4696 12,
234 4623 287 4682 so.
332 4621 447 4685 Valer.
477 4621 573 4685 Max.
604 4619 672 4683 III.
703 4623 799 4681 t.—-
832 4615 975 4697 ,Cottae
1003 4617 1139 4698 (oratio)
1167 4638 1230 4701 pro
1258 4639 1292 4681 se
1318 4619 1393 4707 lage

70 4713 203 4789 Verrio,
238 4734 320 4800 quae
350 4712 554 4791 inscribitur,
589 4732 656 4778 eam
692 4712 737 4778 L.
773 4667 885 4776 aetius
922 4712 1050 4796 scripsit
1083 4710 1201 4778 Cottae
1239 4713 1392 4801 ιιιςιιιι.η

67 4806 166 4871 Brut.
189 4806 250 4883 66,
274 4807 348 4872 206.
