3204 5296
565 338 994 414 eunuco-LATINUS.
1416 352 1456 416 st

138 483 222 547 sinu
250 496 327 562 ato,
362 496 495 549 eertum
522 485 630 548 iaabeo
660 499 696 550 et
722 486 966 563 constitutum,
999 489 1083 575 quid
1106 489 1265 554 scribom.
1322 492 1364 555 ad
1383 493 1456 557 Att.

137 577 239 643 XIII.
263 579 328 654 31,
352 579 385 643 3.
431 580 494 642 Sed
515 578 651 652 rectius,
682 583 793 645 eodem
816 601 926 656 sensu,
965 584 1146 648 Graeviana
1168 586 1281 648 babet:
1305 598 1457 675 κέκρικα,

137 675 223 755 quod
245 674 342 737 etiam
364 675 485 757 probat
507 674 690 738 Tttnstallus
712 676 736 737 l.
760 696 791 738 e.
815 696 849 758 p.
875 677 949 739 166.
973 681 1029 741 sed
1050 677 1163 755 aliter,
1188 699 1247 743 nee
1260 681 1340 744 bene
1356 682 1459 765 expli-

135 779 198 831 cat.
244 769 333 832 Eae.

218 867 395 941 Κέλενοις,
424 863 570 928 iussum.
616 865 728 947 „Quas
751 865 920 929 Numestio
942 865 1062 930 litteras
1085 866 1173 943 dedi,
1196 868 1244 931 aio
1265 880 1299 933 te
1319 869 1358 935 iis
1380 892 1460 938 evo·

134 959 268 1034 cabant,
303 971 339 1022 nt
366 957 442 1021 nihil
472 959 576 1022 aerius
606 980 708 1041 neque
731 959 889 1024 incitatius
911 960 983 1023 fieri
1006 973 1129 1043 posset.
1174 960 1229 1026 At
1248 963 1333 1027 illam
1356 973 1460 1033 usum.

135 1079 190 1119 σιν
213 1056 295 1117 adde
317 1053 430 1129 etiam,
454 1053 481 1116 si
503 1054 578 1138 quit
600 1054 735 1137 potes.'’
780 1056 820 1117 ad
844 1057 912 1118 Att.
937 1055 984 1118 II.
1008 1055 1066 1131 21,
1092 1062 1123 1118 1.

220 1152 331 1228 Κέλης
358 1147 495 1225 οἷοκνος,
530 1149 674 1213 veredus
697 1149 860 1233 impiger.
903 1151 942 1211 ad
964 1151 1035 1213 Att.
1059 1151 1104 1216 X.
1131 1148 1185 1230 13,
1208 1151 1242 1214 3.
1286 1157 1393 1235 Κέλης
1413 1169 1463 1222 111

136 1264 258 1328 aquata,
290 1243 344 1327 quii
378 1243 485 1328 eqttite
519 1245 560 1306 ab
588 1264 652 1309 tino
681 1244 839 1329 agitatur,
873 1244 924 1307 ein
955 1244 1145 1327 Reitplerd‚
1181 1266 1285 1328 neque
1319 1246 1461 1335 iungitur

135 1337 268 1413 cumi,
290 1337 381 1401 ouius
404 1336 530 1422 generis
552 1337 644 1401 fruere
666 1336 740 1423 equi
763 1337 872 1427 tet-edi
893 1341 931 1401 ad
953 1359 1066 1402 cttrsus
1088 1339 1236 1422 publicos
1262 1341 1358 1406 certis
1379 1344 1461 1409 loeis

136 1431 297 1515 dispositi.
350 1433 489 1513 „Habes
511 1439 627 1511 reluta
651 1432 772 1499 ἄοκνον
783 1431 802 1460 '’
831 1442 901 1495 est:
932 1432 1089 1513 Quoniam
1113 1432 1252 1515 diploma
1274 1448 1384 1502 nactus
1406 1460 1459 1518 es,

136 1528 197 1592 tibi
223 1527 300 1590 lieet
328 1547 370 1589 ex
399 1524 492 1590 ltalia
521 1526 612 1590 exire
632 1547 729 1590 eursu
751 1526 895 1609 publico.
948 1526 1025 1588 Vid.
1055 1526 1166 1590 lunius
1188 1530 1226 1590 ad
1248 1528 1282 1591 h.
1306 1529 1330 1594 l.
1374 1534 1460 1597 Eun.

221 1622 345 1698 Κενός,
360 1642 517 1695 ,vocatum
551 1621 679 1685 inania.
736 1621 799 1701 „In
830 1641 894 1704 quo
924 1621 1131 1704 (triumpho)
1154 1615 1213 1685 neo
1235 1643 1285 1686 me
1312 1628 1406 1694 κενὸν
1427 1628 1460 1692 in

134 1720 319 1800 expetendo
342 1722 521 1798 cognosces
543 1736 601 1778 neo
623 1715 750 1797 ἄτυφον
770 1715 803 1777 in
827 1713 1046 1789 abiiciendo.''
1070 1717 1109 1777 ad
1131 1716 1203 1779 Att.
1227 1716 1292 1780 vl.
1317 1718 1353 1794 9,
1377 1721 1411 1784 2.

218 1812 460 1885 Κινόοπουδα,
488 1809 603 1872 inania
625 1810 732 1872 studii
750 1811 866 1892 plena.
887 1809 976 1889 ¹„Sed
1000 1810 1079 1872 b'aeo
1098 1809 1237 1874 fortasse
1259 1813 1461 1881 scandanavia

134 1918 227 1971 sunt:
253 1927 335 1991 quae
358 1917 461 1969 tamen
483 1904 543 1966 iarn
567 1903 708 1967 sciantur
731 1924 857 1967 neeesse
880 1903 971 1966 est.''
1015 1906 1056 1966 ad
1077 1906 1149 1968 Att.
1174 1906 1240 1971 IX.
1265 1910 1302 1982 1,
1327 1911 1359 1970 1.

215 2005 383 2089 Κέντρον,
400 2011 591 2084 punctum,
615 2010 783 2063 centrum.
828 2049 844 2079 „
856 1997 942 2060 Num
956 1996 1055 2082 igitur
1074 1999 1272 2080 dubitamus,
1296 2003 1376 2067 siout
1393 2005 1462 2088 ple-

137 2115 257 2180 raque,
293 2105 411 2158 terram
439 2093 471 2156 iu
502 2092 605 2155 medio
635 2095 752 2157 mundo
785 2091 876 2155 sitam
906 2092 943 2153 ad
975 2091 1116 2156 amiserai
1148 2095 1228 2158 caeli
1258 2100 1460 2180 complexum
1538 2159 1542 2164 .

135 2189 228 2273 qtaasi
251 2189 362 2271 puncti
380 2188 481 2251 instar
496 2187 661 2261 obtinere,
685 2190 773 2273 quod
788 2201 920 2274 κέντρον
933 2185 978 2251 iIIi
995 2199 1124 2251 vocant.
1135 2187 1153 2211 ”
1177 2191 1279 2253 Tissa.
1291 2191 1324 2255 I.
1339 2195 1389 2270 17,
1405 2195 1461 2258 ll).

219 2287 442 2367 Κεπφοῦμαι.
487 2283 565 2347 Vid.
606 2287 843 2367 Κεκέπφωμαι.

219 2381 352 2463 Κέρας,
375 2397 502 2453 cornu,
525 2377 766 2442 instrumentum
789 2376 960 2453 musicum,
991 2378 1118 2462 dequo
1141 2376 1208 2461 agit
1229 2378 1398 2444 Salmasius
1421 2384 1462 2445 ad

137 2471 286 2537 Solinum
314 2493 349 2554 p.
379 2471 434 2535 87.
465 2473 549 2537 Eun.
602 2471 763 2553 „Phemio
790 2471 954 2556 quaeritur
983 2470 1120 2557 meurs
1164 2474 1204 2534 ad
1229 2471 1301 2536 Att.
1324 2474 1372 2536 V.
1400 2476 1459 2553 20,

136 2570 168 2633 ll.
196 2600 241 2614 -
284 2566 448 2648 „Phemio
476 2565 638 2648 dispiciam
667 2565 802 2654 κέρας.”
853 2568 895 2630 ad
921 2566 994 2630 Au.
1023 2567 1067 2632 V.
1090 2567 1149 2642 21,
1178 2568 1211 2631 9.
1235 2603 1277 2615 -
1320 2573 1462 2655 ,Κέρας

137 2661 276 2727 Phemio
304 2663 485 2724 mandatum
508 2670 575 2723 est:
607 2661 805 2743 reperietur:
838 2662 934 2725 ruodo
957 2659 1076 2743 aliquid
1097 2660 1154 2726 illo
1176 2661 1304 2747 dignum
1327 2675 1431 2728 canat.
1442 2664 1461 2690 ''

139 2760 175 2820 ad
197 2758 274 2821 Au.
298 2756 365 2820 VI.
390 2762 426 2829 1,
451 2754 500 2817 13.
686 2799 696 2808 .

223 2853 442 2933 Κεφάλαιον,
466 2862 580 2932 eaput.
624 2851 663 2912 ad
685 2850 757 2913 All.
783 2851 827 2911 V.
852 2850 909 2923 18,
936 2853 967 2911 1.

222 2945 458 3029 Κηδεμονικός.
503 2944 581 3007 Viti.
604 2945 706 3009 Κατὰ
737 2944 772 3008 τὸ
796 2944 1018 3026 κηδεμονικόν.

222 3043 377 3126 Κικέρων
399 3038 756 3122 ἀριστοκρατικωτατος
775 3053 869 3114 παῖς,
900 3038 1020 3103 Cicero
1041 3039 1260 3122 optimatium
1283 3044 1462 3112 studiosis-

137 3136 247 3199 simus
276 3156 380 3217 puer.
425 3134 706 3205 adelettae,
732 3134 763 3195 l.

223 3233 377 3312 Κικέρων
404 3229 560 3312 ὁμικρὸς
584 3229 767 3306 ἀσπάζεται
796 3227 895 3292 Τι’τον
920 3227 1121 3306 Ἀθηναῖον,
1151 3230 1270 3296 Cicero
1294 3238 1463 3314 paruulus

94 3355 96 3360 ·
138 3328 271 3388 saturat
293 3324 414 3387 Titum
440 3321 693 3387 Atheniensem.
739 3324 778 3383 ad
801 3324 872 3384 Att.
897 3321 943 3386 ΙΙ.
965 3322 1003 3399 l),
1030 3325 1061 3385 lt.

223 3419 437 3496 Κινδυνωδη,
470 3416 677 3498 periculosa.
738 3414 828 3496 „Qui
858 3427 961 3478 nutem
998 3416 1127 3479 veniunt
1160 3417 1251 3496 inde,
1287 3425 1461 3506 κινδυνώδη

138 3511 325 3575 nuntiant.”
370 3513 409 3574 ad
434 3514 504 3574 Att.
530 3512 595 3573 IX.
621 3513 680 3585 17,
713 3511 745 3572 2.
791 3508 856 3572 Alii
882 3510 993 3593 legunt
1022 3517 1235 3589 κινδυνωδῶς,
1256 3517 1461 3598 perieuiose.

223 3610 347 3683 liltor,
377 3606 504 3690 glorio.
534 3674 540 3682 ,
565 3604 755 3684 „Quattuor
791 3604 973 3687 tragoedias
1010 3606 1110 3668 XVI.
1144 3605 1254 3671 diebus
1286 3612 1463 3676 absolvisse

141 3723 211 3764 cnm
244 3701 387 3776 scribas,
421 3710 457 3762 tu
487 3697 657 3782 quidquam
686 3700 726 3760 ab
760 3697 822 3762 alio
860 3697 1036 3760 mutuaris?
1068 3712 1100 3762 et
1131 3708 1220 3778 κλέος
1249 3703 1317 3783 (alii
1348 3713 1463 3794 χρέος)

141 3796 288 3880 qnaeris,
311 3816 381 3857 cum
407 3795 572 3857 Electram
600 3805 631 3857 et
653 3795 815 3857 Troadem
839 3792 1058 3874 scripseris?''
1085 3798 1123 3857 ad
1148 3796 1191 3876 Q.
1213 3797 1257 3860 ir.
1282 3800 1348 3863 III.
1372 3804 1404 3875 6,
1430 3807 1462 3865 7.

228 3889 360 3973 Κνήμη.
388 3889 469 3952 vid.
489 3890 586 3955 Γόνυ.

226 3983 706 4067 Κοινότιρα,1οιιιιηιινιὶονα.
753 4036 768 4065 ‚,
781 3985 832 4048 Ad
857 3983 1077 4060 Dolabellam,
1102 3995 1137 4046 ut
1158 3985 1289 4061 scribis,
1313 3987 1355 4051 ita
1384 4002 1464 4073 puto

141 4080 343 4154 laciendum,
367 4079 536 4163 κοινότερα
560 4082 713 4162 quaedam
736 4092 768 4142 et
790 4079 1030 4163 πολιτικώτερα.
1039 4078 1057 4107 ”
1080 4082 1119 4142 11
1144 4080 1216 4144 Art.
1240 4081 1343 4145 XIII.
1361 4085 1412 4160 10,
1430 4086 1463 4148 2.

227 4178 403 4247 Kolonia,
436 4173 611 4248 adulatio,
643 4175 843 4238 assentatio.
896 4174 1018 4255 „Quod
1045 4173 1128 4236 aliud
1152 4187 1373 4257 argumentum
1396 4180 1465 4262 epi·

143 4270 247 4334 stolae
278 4280 421 4332 nostrae¹
441 4270 500 4345 (ad
528 4265 720 4345 Caesarem)
752 4267 810 4330 uisi
836 4275 991 4343 κολακίας
1021 4266 1131 4331 luit?''
1187 4271 1226 4330 ad
1256 4271 1328 4333 Att.
1359 4272 1463 4337 XIII.

143 4365 199 4441 27,
233 4367 267 4426 1.
291 4392 333 4406 -
384 4359 494 4434 „Istae
525 4373 628 4425 autem
657 4369 810 4428 κολακίαι
831 4385 893 4427 nou
915 4363 1012 4447 longe
1040 4364 1154 4425 absunt
1177 4384 1194 4425 a
1220 4362 1381 4427 scelere.''
1425 4369 1466 4431 ad

143 4461 213 4522 Au.
239 4457 345 4520 XIII.
368 4456 426 4534 30,
450 4457 481 4518 2.

227 4553 417 4635 Κόμματα,
446 4551 555 4615 ineisa
571 4550 737 4614 orationis.
793 4552 897 4625 „Nam
913 4573 982 4614 cutm
1007 4551 1049 4614 sis
1069 4550 1107 4615 iis
1129 4551 1210 4614 loeis
1233 4573 1323 4629 usus,
1348 4555 1465 4639 quibus

146 4646 267 4711 ostendi
296 4647 415 4720 licere,
446 4645 663 4710 transferenda
693 4657 760 4710 tota
786 4645 884 4709 dictio
912 4658 961 4710 est
986 4650 1025 4710 ad
1048 4648 1120 4723 illa,
1151 4669 1232 4730 quae
1259 4648 1366 4714 neseio
1388 4673 1462 4727 cur,

147 4765 212 4806 cum
233 4740 353 4807 Graeci
373 4741 527 4825 κόμματα
548 4752 580 4803 11
601 4748 689 4806 κῶλα
712 4738 891 4816 nominent,
915 4764 974 4806 nos
994 4764 1058 4807 non
1077 4753 1164 4806 rente
1186 4742 1296 4806 ineisa
1313 4754 1345 4806 11
1368 4765 1465 4808 metu·

148 4839 201 4902 lna
221 4835 411 4901 dicamus.'’
457 4837 579 4901 Orator
601 4834 658 4912 62,
683 4836 762 4899 211.1
780 4870 821 4883 -
863 4835 947 4899 Ibid.
971 4836 1030 4916 66,
1055 4835 1131 4904 223.
