3202 5318
97 372 100 377 .
135 317 186 401 a
218 367 222 375 .
720 317 903 400 muex,

55 526 62 547 .
134 457 327 547 τεσρότερον
355 477 444 523 eree:
479 467 511 522 et
542 457 672 524 hercule
707 473 791 540 erat,
827 473 859 526 et
879 458 1031 524 'maxime
1065 462 1103 524 de
1137 453 1252 526 ludia.''
1309 461 1349 525 50
1382 460 1453 526 Art.

133 552 234 617 XVI.
258 555 297 628 5,
325 553 358 616 3.

217 649 440 732 Μετονυμία,
471 649 655 713 translatio
682 648 872 714 nominum.
922 651 1039 725 „Hane
1066 650 1260 732 ὑπαλλαγὴν
1284 651 1452 735 rhetores,

134 738 208 824 quia
234 741 322 825 quasi
347 753 579 823 summutantur
595 746 694 807 verbe
717 765 779 826 pro
795 745 924 808 verbis:
946 755 1151 831 μετωνυμίαν
1178 743 1377 829 grammatici
1389 764 1456 825 *vo-

133 846 224 912 cant,
248 839 335 921 qrrod
357 837 483 903 nomina
506 838 784 902 transferuutur.''
830 840 953 905 Orator
983 840 1041 917 27,
1066 840 1118 905 93.

24 1002 31 1013 ,
216 931 280 1010 Mi
307 931 373 1018 γὰρ
393 935 523 1009 αὐτοῖς,
550 954 657 1017 neque
678 933 768 996 enim
789 933 877 1016 ipris
898 933 969 998 scil.
994 933 1151 998 deleuor.
1196 937 1235 998 ad
1257 931 1331 997 An.
1353 931 1456 997 X-Ill.

133 1026 191 1108 20,
214 1027 247 1089 5.

216 1124 317 1200 Μηδὲ
338 1127 437 1201 δίκην.
482 1121 743 1204 Supplementum
772 1124 837 1186 hoe
857 1121 1015 1209 integrum
1038 1144 1165 1188 versum
1188 1123 1375 1188 exhibebit:
1408 1129 1455 1189 δι·

133 1214 252 1300 xoium,
283 1226 361 1303 πρὶν
387 1219 517 1300 ἀμφοῖν
541 1221 649 1300 μῦθον
673 1217 833 1302 ἀκούσῃς,
868 1240 975 1304 neque
998 1238 1141 1282 comam
1160 1217 1329 1282 iudicaria
1355 1218 1454 1303 priua

132 1331 236 1395 quam
254 1311 338 1396 quid
359 1322 501 1395 uterque
522 1310 615 1375 dicat
635 1312 798 1376 muteris.
850 1312 996 1386 Versus,
1029 1313 1083 1395 qui
1113 1311 1195 1376 falso
1227 1311 1380 1377 Hesiodo
1403 1315 1454 1377 ad·

133 1404 333 1468 scribebatur
357 1403 610 1489 Phoeylidisqrre
643 1426 712 1469 ease
740 1407 925 1489 putabatur.
977 1406 1062 1470 Eur.
1112 1407 1213 1491 „Ego
1237 1417 1365 1484 autem,
1399 1407 1454 1473 eoi

131 1497 210 1561 illud
236 1498 487 1578 ψευδησιόδιιον
509 1535 550 1547 -
571 1500 614 1563 ita
643 1500 724 1563 euim
748 1511 941 1583 putatur-
964 1501 1333 1585 ολνεστνομηδὲὸικην.
1364 1522 1454 1584 prae·

132 1592 241 1656 sertim
264 1592 295 1657 in
322 1604 365 1671 te,
386 1614 404 1656 5
423 1614 489 1677 quo
511 1592 587 1656 nihil
606 1615 742 1679 unquam
766 1594 830 1658 vidi
850 1607 969 1659 temere
984 1593 1088 1657 fieri.’'
1111 1594 1453 1675 adAu.V11.18,t.

216 1690 336 1767 Μηδὲν
361 1689 489 1765 αὐτοῖς,
515 1687 603 1752 nihil
623 1688 721 1773 ipeia.
768 1691 875 1770 „Sunt
900 1709 1008 1753 omnea
1034 1689 1076 1751 ita
1104 1687 1181 1752 mihi
1202 1687 1394 1766 familiares,
1422 1700 1455 1753 ut

132 1801 168 1845 ae
194 1780 329 1867 quiaque
351 1782 485 1846 maxime
510 1791 613 1865 putet.
665 1783 727 1845 Sed
751 1794 854 1845 tamen
876 1789 976 1867 μηδὲν
1000 1785 1111 1860 airola
1137 1818 1178 1830 -
1205 1783 1267 1845 aeia
1291 1782 1453 1867 reliqua.’'

42 1867 48 1876 '
133 1875 256 1942 adAtr.
278 1876 344 1941 vl.
370 1878 408 1954 1,
433 1877 485 1939 16.
531 1876 689 1958 supplent
708 1884 817 1960 με’-λιιι
842 1878 929 1940 nihil
949 1876 1035 1961 ipaie
1056 1897 1162 1942 curae
1182 1887 1255 1943 eat:
1284 1876 1340 1942 alii
1362 1877 1455 1942 aliud.

133 1971 219 2034 Eun.
264 1971 406 2054 Supple:
431 1969 683 2034 eoncedendum
712 1982 835 2034 eontra
859 1971 928 2034 iua.

219 2068 319 2146 Μηδὲ
344 2073 483 2144 σωθείην
507 2064 574 2130 ὑπό
591 2092 626 2148 γε
648 2067 815 2132 τοιούτου]
836 2068 892 2132 Ne
913 2069 1029 2131 natvm
1051 2065 1188 2152 attidem
1200 2065 1365 2146 suamab
1378 2069 1455 2131 hoo!

134 2161 173 2223 50
195 2161 267 2224 Au.
290 2161 392 2224 XVI.
418 2162 479 2236 15,
504 2160 537 2223 3.-

218 2256 282 2335 Me}
303 2255 371 2339 μάν
389 2257 550 2320 ἀσπουδεί
568 2281 603 2337 γε
631 2267 688 2320 καλ
713 2259 851 2332 α’κλειῶς
873 2258 1075 2341 ἀπολοίμην,

214 2350 322 2416 Ἀλλὰ
350 2362 434 2434 μέγα
455 2352 550 2437 ῥέξας
569 2377 599 2414 τι
617 2362 675 2418 καὶ
696 2361 906 2436 ἐσσομένοισι
928 2357 1106 2417 nviteina.

134 2445 189 2511 Ne
211 2444 384 2529 ignaviter
405 2455 439 2508 et
460 2444 610 2528 inglorie
627 2466 789 2527 peream,
812 2445 872 2509 aed
894 2464 1022 2526 magno
1043 2443 1160 2528 aliquo
1170 2441 1346 2536 facinore
1367 2446 1455 2512 edito

133 2539 306 2625 dignoque
327 2538 421 2623 quod
440 2538 607 2601 audiatur
628 2539 828 2622 apoateria.
874 2541 913 2602 50
935 2539 1029 2603 Fam.
1051 2538 1154 2603 XIII.
1180 2540 1239 2616 15,
1263 2540 1297 2615 2.
1323 2543 1366 2606 50
1385 2542 1455 2606 Au.

134 2633 240 2710 X.1‚
266 2637 299 2696 1.
343 2655 385 2696 ex
407 2631 545 2696 Homeri
568 2632 609 2696 ΙΙ.
630 2658 661 2710 χ.
685 2634 766 2709 305,
791 2635 865 2699 305.

217 2728 282 2808 Μή
296 2754 354 2811 μοι
380 2728 539 2813 Γοργείην
565 2728 713 2807 κεφαλὴν
738 2734 858 2795 δεινοῖο
876 2729 1040 2817 πελώρου,
1066 2750 1107 2791 ne
1129 2728 1213 2792 mihi
1234 2658 1456 2813 Gorgoneum

133 2834 236 2906 eaput
253 2821 430 2886 vhorrendi
457 2832 491 2884 et
516 2821 635 2903 grauia
664 2823 812 2887 monstri
835 2823 1060 2908 intorqueat.''
1105 2825 1144 2886 50
1168 2825 1238 2891 Aa.
1267 2823 1331 2890 IX.
1354 2827 1390 2901 7,
1424 2823 1455 2886 3.

133 2938 172 2981 ex
194 2917 295 2980 Hom.
320 2916 439 2994 Odyas.
464 2920 490 2978 λ.
516 2936 547 2977 r.
571 2915 647 2978 633.

218 3010 281 3089 Ma
315 3008 561 3085 uolumenum,
595 3009 837 3074 abstinendum
872 3012 1173 3076 administratione
1206 3012 1257 3075 rei
1289 3012 1455 3095 publicae.

136 3102 295 3188 „Epicuri
314 3101 505 3168 mentionem
524 3103 604 3167 iacis
629 3114 661 3166 et
683 3107 781 3169 audes
802 3106 909 3169 dicere
933 3106 978 3190 μή
1005 3105 1290 3173 πολιτεύεσθαι3”
1323 3109 1366 3171 50
1385 3109 1456 3173 Au.

134 3200 233 3264 XIV.
258 3199 314 3273 20,
339 3199 370 3261 5.

220 3294 334 3372 Maiam
361 3294 430 3377 μέγ’
457 3299 560 3378 εἴπῃς,
593 3306 670 3381 πρὶν
701 3296 916 3376 τελευτήσαντ’
943 3302 1019 3380 ἴδῃς.
1069 3298 1125 3362 Ne
1153 3304 1253 3381 quem
1278 3295 1457 3378 praedicer

131 3387 232 3472 priua
249 3408 354 3472 quam
373 3399 548 3451 mortuum
565 3388 705 3453 viderie.
750 3393 789 3452 ad
811 3392 883 3455 Atr.
905 3391 971 3454 IV.
996 3391 1059 3468 85,
1084 3392 1114 3454 1.
1157 3389 1308 3455 Seueriua
1330 3391 1457 3474 Sepho·

136 3481 194 3545 elia
222 3483 306 3565 apud
332 3482 507 3545 Stobaeum
537 3503 609 3565 cap.
640 3482 693 3547 93.
728 3481 834 3567 [CV‚
870 3483 945 3567 21.]
979 3485 1065 3548 Eur.
1116 3483 1297 3548 Scholiasta
1322 3483 1457 3549 Homeri

134 3576 227 3641 Iliad.
249 3583 288 3652 3,
311 3575 344 3640 5.
389 3576 493 3658 Soph.
519 3577 634 3660 Frgm.
664 3578 738 3641 520.
768 3578 869 3642 Dina.
1394 3632 1397 3637 .

218 3672 316 3746 Μιᾱς
337 3669 471 3756 κόρδου.
515 3673 554 3733 50
577 3671 648 3735 Au.
676 3673 780 3737 XIII.
801 3673 858 3749 02,
883 3673 916 3738 3.
959 3672 1040 3736 vid.
1063 3676 1213 3757 Μίασμα
1234 3673 1342 3758 δρυός.
1407 3721 1413 3734 .

218 3768 370 3848 Μίασμα
392 3763 507 3850 δρυός,
529 3765 706 3849 piaculum
727 3787 884 3852 quereus.
929 3769 1039 3841 „Eece
1063 3766 1126 3831 tibi
1149 3779 1228 3831 orat
1249 3767 1405 3851 Lepidm
1420 3778 1457 3831 ut

134 3859 281 3924 ueniam.
332 3858 469 3942 Opinon
497 3881 652 3944 augurer
679 3863 729 3924 nil
757 3862 882 3926 habere
908 3859 956 3940 (f.
987 3860 1053 3944 leg.
1080 3863 1213 3925 nullum
1237 3861 1382 3942 habere)
1413 3862 1458 3927 ad

134 3956 299 4040 templum
319 3949 514 4045 effandum
535 3953 572 4033 (ἰ.
596 3975 627 4017 e.
651 3954 706 4040 qui
721 3956 827 4019 laeum
846 3955 966 4038 templo
991 3955 1127 4032 Martis,
1144 3957 1231 4039 quod
1254 3954 1380 4021 Caesar
1400 3978 1458 4021 ex·

134 4061 260 4114 struere
282 4050 414 4113 volebat
435 4048 543 4129 [Suet.
566 4047 630 4111 lul.
647 4049 729 4130 II.],
746 4070 938 4114 consecrare
954 4060 986 4112 et
1001 4048 1149 4112 dedicare
1163 4049 1299 4132 posuit).
1321 4055 1459 4119 Enna!

134 4147 287 4230 Μίασμα
309 4140 414 4232 δρυός.
426 4141 444 4170 ”
488 4145 527 4205 50
548 4141 620 4207 Art.
640 4143 741 4209 XIII.
763 4144 826 4220 52,
851 4143 883 4206 3.
929 4143 1041 4208 sich.
1068 4143 1091 4206 λ.
1119 4145 1299 4209 emendavit
1325 4147 1459 4212 Grono-

134 4239 218 4306 vius.
264 4237 349 4303 Olim
373 4259 390 4300 e
412 4238 501 4304 Mas.
527 4237 696 4320 legebatur
720 4242 800 4321 μιᾶς
821 4239 951 4322 κόρδου.
999 4235 1068 4301 Alii
1088 4250 1189 4302 eatur·
1209 4251 1271 4323 μία
1296 4243 1459 4327 σκόρδουε

135 4333 187 4398 alii
208 4359 327 4420 μικρου
317 4331 474 4421 κόρδου.
519 4331 695 4395 Lambrum
709 4331 878 4417 legendum
893 4335 1061 4397 censebat.
1085 4333 1132 4394 ad
1149 4336 1314 4417 templum
1333 4335 1458 4430 effan-

136 4428 219 4491 dum
239 4427 385 4492 Saturni
405 4425 587 4492 ἁσπόνδου.
632 4426 825 4492 Utaliorum
846 4426 1047 4493 coniecturas
1069 4437 1290 4509 praeteream,
1310 4432 1459 4512 proxime

135 4523 175 4587 50
202 4521 368 4584 veritatem
399 4521 955 4607 accessitGronovi11s3qura'dh.
982 4521 1221 4608 l.„legeudum
1252 4522 1391 4607 opinor,
1414 4525 1459 4590 iu-

135 4612 226 4700 quit,
248 4625 382 4699 μίασμα
403 4616 517 4704 δρυός,
540 4616 629 4700 meod
652 4616 862 4701 proverbium
885 4626 945 4679 ost.
990 4616 1166 4698 Appendix
1185 4617 1352 4687 ¹Vaticana
1380 4640 1460 4703 pre·

135 4707 322 4772 verbiorum
352 4730 370 4772 a
404 4709 540 4776 Sehotto
567 4710 742 4776 editorum:
774 4714 929 4794 Μίασμα
960 4711 1076 4798 δρυός·
1111 4713 1204 4800 Παρ’
1231 4715 1397 4799 Εὐριπίδῃ
1423 4722 1459 4782 ir

133 4805 287 4892 Ἐρεχθεῖ
302 4803 525 4890 αἰνιττόμενον
546 4806 583 4873 τὸ
599 4807 755 4886 Θηβαίων
778 4803 1005 4893 παρανόμημα
1026 4815 1071 4883 είς
1093 4806 1131 4873 τὸ
1154 4815 1190 4875 ἐν
1214 4808 1358 4895 Auium
1372 4835 1457 4896 μαν-
