3202 5318
133 256 193 323 ιιι
616 252 766 319 rnnnx
787 250 972 320 annau.
1015 198 1018 202 ’

133 419 225 465 arare
247 395 427 481 expediret.
472 393 553 460 Nam
574 393 616 457 ita
640 392 808 479 diligenter
829 393 999 457 constituta
1022 404 1093 458 saint
1116 391 1183 456 iura
1207 394 1402 468 decumano,
1427 404 1463 457 ut

134 494 301 557 tamenab
326 490 426 555 inrito
447 502 574 554 aratore
599 487 672 571 plus
694 491 823 551 decuma
854 509 916 551 nnn
946 499 1056 570 posset
1078 485 1232 550 auferri.”
1279 488 1379 552 Verr.
1401 486 1461 553 lib.

133 589 198 653 lll.
223 587 241 650 l
265 607 334 669 seq.
358 620 396 634 -
428 583 548 658 ,Hrrnc
570 582 779 667 (Apronium)
806 582 982 664 principem
1008 582 1132 643 Verres
1156 582 1197 644 ad
1221 580 1366 645 fortunas
1390 604 1462 647 ara·

130 694 237 745 torum
266 681 426 742 vexandas
453 677 708 760 diripiendasque
733 697 801 739 esse
828 675 949 739 volarit:
980 674 1072 737 huius
1096 674 1264 752 audaciae,
1289 675 1461 762 nequitiae,

131 774 308 839 crudelitati
335 771 534 835 lidelissinros
556 773 664 851 socios
685 769 886 855 optimosque
906 771 992 835 circs
1014 770 1129 834 scitote
1151 771 1214 834 hoc
1231 784 1380 852 praetore
1396 784 1463 835 tra·

133 871 235 943 ditos,
271 867 407 940 indices,
446 877 539 949 atq'ue
568 867 712 943 addictos
734 864 847 939 luisse,
884 863 977 927 novis
1003 863 1151 928 institutis
1176 875 1209 928 et
1235 866 1362 941 edictis,
1394 877 1464 930 tnta

133 962 322 1029 Hieronica
345 962 416 1046 lege
439 962 715 1046 (quemadmodum
738 972 827 1023 antea
850 959 930 1038 dini)
953 957 1068 1021 reiecta
1087 971 1119 1023 et
1140 959 1338 1041 repudiata.''
1362 961 1464 1025 Verr.

131 1056 187 1122 lib.
211 1056 278 1122 lll.
303 1058 359 1130 10,
384 1056 440 1120 dd.
462 1089 503 1102 -
526 1055 615 1127 ,lam
641 1074 720 1119 vero
743 1054 820 1129 illud
844 1075 907 1116 non
927 1053 1028 1114 solum
1049 1064 1162 1116 contra
1180 1054 1281 1137 legem
1302 1054 1466 1119 Hieroni·

134 1172 230 1225 eam,
263 1170 320 1213 nec
348 1149 452 1215 solum
482 1160 593 1212 contra
620 1142 881 1211 consuetudinem
905 1147 1124 1228 superiorum,
1160 1148 1328 1212 sedetiam
1351 1162 1465 1213 eontra

134 1247 237 1310 omnia
266 1245 333 1308 iura
361 1244 558 1316 Siculorum,
583 1264 665 1328 qnae
693 1244 808 1304 habent
836 1262 852 1302 a
883 1255 993 1304 senatu
1017 1243 1206 1324 populoque
1233 1244 1400 1316 Rornano,
1425 1265 1465 1306 ne

135 1341 204 1422 quis
233 1351 327 1403 extra
351 1361 441 1402 suum
466 1338 572 1400 surum
607 1335 815 1399 vadimonium
841 1335 1029 1417 promittere
1059 1336 1230 1419 cogatur.”
1276 1335 1377 1400 Verr.
1405 1335 1465 1401 lib.

135 1433 209 1499 lllc
220 1435 276 1507 15,
295 1434 347 1497 38.
372 1477 408 1488 -
436 1430 638 1513 „Contendit
656 1432 859 1509 (Metellus),
873 1435 917 1493 ⁴se
934 1432 1005 1514 lege
1021 1430 1211 1495 Hieronica
1226 1431 1466 1495 venditurum.”

136 1529 237 1592 Verr.
262 1527 318 1590 lib.
343 1527 412 1592 lll.
438 1531 496 1600 17,
521 1527 574 1589 tl.
599 1568 638 1583 -
674 1525 791 1608 „Lege
813 1524 1002 1590 Hieronica
1024 1546 1173 1587 numerus
1196 1536 1358 1589 aratorum
1386 1546 1470 1609 qno-

135 1622 237 1685 tannis
260 1623 344 1704 apud
371 1608 573 1704 magistratus
599 1620 726 1701 publice
749 1617 997 1681 subscribitur.'‘
1022 1620 1122 1682 Verr.
1146 1619 1199 1683 lib.
1225 1620 1287 1683 lll.
1310 1621 1367 1701 dl,
1394 1619 1468 1685 190.

135 1751 177 1764 --
202 1717 278 1788 ,llll
306 1714 386 1797 ipsi,
419 1713 473 1798 qui
500 1717 732 1789 remanserant,
767 1714 820 1776 vin
851 1715 981 1776 declama
1013 1733 1088 1794 pars
1115 1726 1292 1788 aratorum,
1323 1714 1469 1778 relicturi

136 1829 235 1892 agros
260 1830 370 1872 omnes
393 1821 502 1883 erant,
526 1808 583 1871 nisi
606 1812 644 1871 ad
662 1829 718 1871 ens
742 1804 896 1870 Metellus
914 1808 1017 1870 nona
1040 1808 1161 1872 litteras
1185 1809 1398 1885 ruisisset„se
1414 1811 1470 1871 de-

138 1925 245 1969 cumas
268 1904 339 1987 lege
360 1903 548 1970 Hieronica
573 1900 807 1965 venditurum.”
836 1901 935 1967 Verr.
961 1902 1014 1966 lib.
1039 1898 1105 1974 Ill,
1129 1903 1188 1977 62,
1216 1903 1287 1968 191.
1309 1936 1348 1951 -·
1375 1903 1469 1978 ,ue-

137 1998 197 2064 cita
223 1998 344 2061 litteras
368 1998 410 2063 L.
433 1996 577 2071 Metelli,
603 2018 682 2081 quas
707 1998 746 2058 ad
770 1993 833 2060 Cu.
861 1995 1051 2074 Pompeium
1075 2006 1107 2059 et
1133 1997 1185 2060 M.
1211 1995 1364 2062 Crassum
1390 2019 1469 2061 con·

137 2093 237 2167 eules,
263 2113 341 2178 quas
359 2095 396 2155 ad
414 2093 463 2156 M.
478 2091 667 2156 Minnmium
684 2104 884 2172 praetorem,
910 2111 987 2173 quas
1004 2094 1042 2153 ad
1059 2105 1246 2175 quaestores
1268 2088 1357 2155 urbis
1371 2092 1470 2157 misit.

138 2187 326 2268 Epistula
352 2188 393 2250 Ι..
419 2186 592 2249 llletelli.
639 2189 811 2249 Declamas
825 2180 1010 2275 frumenti
1037 2187 1112 2269 lege
1143 2186 1361 2249 Hieronica
1390 2207 1470 2249 oen·

36 2292 42 2303 “
139 2282 225 2346 didi.
271 2279 353 2346 Cum
378 2281 505 2352 scribit,
531 2302 564 2342 se
588 2278 659 2362 lege
679 2279 868 2345 Hieronica
889 2279 1083 2354 vendidisse,
1108 2280 1183 2364 quid
1207 2278 1340 2343 scribit?
1369 2278 1411 2342 ita
1434 2302 1469 2345 se

140 2375 336 2449 vendidisse,
363 2386 396 2438 ut
417 2395 548 2447 ornnes,
569 2387 699 2456 praeter
719 2374 876 2436 Verrem:
901 2394 970 2434 cnm
987 2372 1115 2451 scribit,
1141 2396 1175 2437 se
1191 2373 1262 2457 lege
1279 2377 1471 2441 Hieronica

140 2471 338 2543 vendidisse,
363 2468 439 2553 quid
464 2468 598 2532 scribit?
634 2489 748 2551 seper
774 2468 868 2531 istum
891 2480 1002 2548 erepta
1025 2466 1141 2535 Siculis
1164 2469 1317 2531 mainrum
1342 2483 1472 2536 nostro·

138 2584 208 2627 rum
230 2563 399 2638 benclicia,
423 2563 472 2624 ins
488 2562 650 2644 ipsorum,
672 2563 890 2624 condicionem
906 2560 1087 2636 societatis,
1113 2561 1284 2635 amicitiae,
1303 2565 1469 2627 loederum

139 2655 350 2722 reddidisse.'’
396 2658 496 2720 Verr.
521 2659 578 2721 lib.
604 2657 669 2720 111.
693 2657 752 2729 53,
778 2657 851 2722 193.
874 2688 914 2701 -
943 2656 1069 2728 ..Etiam
1095 2656 1170 2718 illud
1194 2659 1336 2732 ostendi,
1363 2659 1472 2722 rendi·

142 2756 225 2817 disse
258 2754 337 2816 alios
365 2773 481 2833 magun
506 2755 653 2815 decumas
686 2753 754 2836 agri
784 2752 933 2816 Leontini
958 2764 1204 2836 ceterorumque
1231 2773 1403 2830 agrorum,
1439 2764 1471 2816 et

141 2847 215 2932 lege
244 2847 433 2912 Hieronica
465 2846 660 2927 vendidisse,
692 2859 721 2909 et
754 2847 853 2927 pluris
884 2846 974 2908 etiam
1003 2869 1096 2928 quam
1128 2860 1159 2910 te
1184 2846 1377 2919 vendidissc;
1412 2856 1486 2908 nec·

142 2953 301 3005 aratorem
320 2950 506 3025 quemquam
531 2962 600 3004 esse
621 2951 778 3023 questrnn.
824 2941 893 3003 Nec
909 2941 990 3003 enirn
1011 2940 1069 3002 luit
1090 2943 1177 3025 quud
1193 2941 1356 3025 quisquam
1379 2940 1471 3025 queri

144 3046 270 3117 posset,
288 3056 358 3097 curn
372 3036 443 3118 lege
456 3034 646 3121 aequissime
657 3035 774 3115 scripta
793 3033 952 3108 venirent;
977 3056 1077 3116 neque
1090 3036 1165 3098 illud
1179 3057 1313 3119 unquam
1333 3035 1469 3098 aratoris

143 3127 303 3202 interluit,
331 3128 439 3211 quanti
461 3133 611 3192 decumae
636 3126 812 3191 uenirent.”
846 3128 946 3199 Verr.
966 3128 1023 3193 lib.
1045 3129 1113 3194 Ill.
1129 3130 1186 3205 63,
1213 3132 1285 3193 117.
1306 3164 1348 3176 -
1371 3130 1470 3212 ,lpse

145 3220 307 3286 Minucius
331 3244 488 3305 nunquam
512 3223 589 3285 tanti
616 3224 733 3285 habere
761 3220 933 3295 ralirisset,
962 3220 990 3286 si
1012 3225 1158 3286 decumas
1186 3235 1220 3286 tn
1246 3224 1320 3308 lege
1346 3224 1471 3288 Hiero·

144 3315 223 3379 nica
244 3316 455 3391 venderes.'',
479 3308 583 3380 Verr.
606 3317 662 3379 lib.
688 3317 755 3381 Ill.
780 3317 838 3391 64,
865 3319 938 3381 150.
962 3349 1003 3360 —
1037 3319 1150 3399 „Quid
1173 3317 1361 3382 decumani?
1398 3339 1470 3380 num

145 3409 369 3569 qpideragqer
388 3411 530 3497 singulas
553 3414 700 3476 decumas
725 3413 858 3497 exlege
882 3412 1072 3479 Hieronica
1093 3412 1256 3478 debent?”
1288 3414 1388 3477 Vere.
1412 3411 1469 3476 lib.

181 3554 190 3571 .
238 3509 274 3583 l,
345 3548 354 3569 ·
1287 3530 1300 3543 ²

587 3668 714 3730 Hurrm
737 3668 778 3731 de
800 3667 1031 3751 Pompeianis.

91 3874 101 3881 .
232 3787 437 3864 ,Neminem
460 3778 724 3871 Pompeianum,
754 3790 814 3875 qui
837 3791 943 3865 uiuat,
974 3802 1089 3854 tenere
1110 3792 1185 3874 lege
1208 3793 1334 3856 Hurrtn
1358 3791 1473 3878 digni·

147 3895 237 3949 rates
260 3880 436 3964 [Orelliusa
460 3884 613 3947 teneril.
633 3888 679 3948 H.
701 3884 895 3968 dictitatie].
941 3883 1024 3965 Qui,
1050 3906 1188 3968 quaeso,
1213 3886 1271 3948 ianr
1289 3885 1369 3970 legis
1392 3887 1475 3953 Hir·

148 3978 219 4043 siae
243 3976 432 4040 mentionem
456 3975 556 4040 lacit?
589 3979 679 4069 cuins
700 4001 763 4042 non
789 3979 887 4041 minus
911 3977 1053 4043 arbitror
1075 3980 1242 4044 latorem
1232 4002 1354 4063 ipsum,
1379 4002 1474 4068 quem

51 4146 57 4161 ί
150 4093 222 4150 eos,
244 4073 284 4132 de
302 4071 416 4154 quibus
432 4071 494 4134 lata
516 4083 582 4148 est,
608 4061 791 4154 poenitere:
824 4094 955 4138 οιιιιιιιιο
974 4095 1040 4136 mea
1061 4074 1185 4160 quidem
1203 4074 1355 4139 sententia
1372 4077 1476 4155 legem

150 4167 232 4231 illam
260 4166 421 4248 appellare
446 4168 494 4230 fas
522 4189 584 4231 nun
609 4179 675 4241 est,
702 4180 748 4246 et,
774 4178 807 4229 ut
829 4167 870 4231 sit
895 4167 966 4246 lex,
991 4168 1053 4231 nod
1079 4171 1227 4233 debemus
1256 4170 1340 4235 illam
1366 4170 1478 4237 Hirtii

151 4260 254 4345 legem
279 4259 428 4342 putare.”
474 4261 617 4344 Philipp.
639 4263 742 4328 Xlll.
768 4262 825 4334 16,
851 4262 903 4327 39.

234 4356 315 4417 Lata
340 4365 388 4417 est
411 4354 496 4419 iussn
519 4354 668 4421 Caesaris
694 4377 710 4420 a
732 4368 885 4438 praetore
910 4358 954 4421 A.
977 4358 1095 4422 Hirtio
1117 4378 1216 4444 eaque
1235 4357 1388 4423 sancitum
1415 4373 1477 4437 est,

24 4450 26 4455 '
152 4466 190 4508 ne
213 4447 267 4529 qui
287 4448 520 4530 Pompeianus,
545 4451 600 4536 qui
618 4451 722 4527 vivat
747 4462 851 4514 teneat
869 4449 1068 4534 dignitatern
1092 4454 1175 4519 Eun.
1223 4453 1327 4517 Satius
1352 4453 1480 4520 ridetur

153 4540 302 4605 conliteri
328 4564 403 4620 nos,
438 4545 514 4628 quid
543 4568 578 4610 en
600 4547 752 4610 sancitum
781 4546 840 4621 sit,
874 4543 1045 4630 ignorare,
1071 4570 1142 4610 cum
1167 4546 1335 4613 Ciceronis
1359 4553 1477 4625 rerba,

155 4631 209 4715 qui
230 4654 309 4697 ιιιιιιι
332 4637 398 4699 eius
418 4640 608 4706 mentionem
631 4639 725 4713 lecit,
751 4651 860 4722 aperte
876 4651 1029 4723 corrupta
1052 4640 1132 4715 sint,
1154 4655 1190 4705 ut
1213 4641 1346 4727 egregie
1367 4643 1480 4706 docuit

157 4720 413 4795 Orelliusmcus.
458 4734 534 4799 Non
559 4735 797 4822 magisconstat
818 4736 857 4798 de
877 4754 981 4809 anno,
1006 4756 1072 4819 quo
1094 4736 1232 4800 latanst.
1254 4735 1390 4822 Pighius
1408 4756 1478 4801 ean
