3202 5318
194 307 214 369 8
779 304 931 370 INDEX
1072 324 1077 335 ⁴

279 455 560 538 ’Amram'l.pro,·,
588 472 657 514 non
682 447 920 533 poenitendus.
974 446 1105 525 »Quare
1131 444 1277 508 celeritas
1307 443 1408 508 nostri
1433 442 1517 507 redi-

195 558 247 610 tus
273 553 511 634 ἀμεταμέλητος
533 549 628 611 debet
650 543 760 608 esse.”
790 545 829 604 ad
857 545 928 607 Aur.
961 543 1044 605 Vll.
1069 542 1106 614 3,
1133 541 1163 602 2.
1188 571 1230 584 -
1274 541 1331 622 „0
1359 539 1518 621 hospitem

196 642 271 705 mihi
299 654 361 705 tam
392 644 545 727 gravem!
578 643 835 725 &peremturum
891 636 967 701 Fuit
992 637 1071 699 enim
1099 633 1334 719 periucunde.’'
1371 637 1412 698 ad
1444 635 1516 697 Au.

192 735 296 801 XIII.
320 739 380 813 52,
410 737 442 800 1.

276 835 483 916 Ἀνηχανία,
507 830 626 914 inopia
651 829 799 895 consilii.
847 827 924 903 „Dii
950 828 1048 894 boni!
1079 838 1195 911 qttanta
1220 825 1441 910 ἀμηχαν1α1”
1480 827 1519 888 ad

192 922 267 991 An.
293 928 379 990 XV.
403 928 460 1001 29,
487 929 517 988 1.

272 1020 473 1109 ”Annonem
515 1019 675 1112 deforme
708 1032 742 1083 et
773 1032 885 1102 turpe.
939 1020 1021 1092 „Est
1044 1017 1124 1081 enim
1147 1017 1320 1105 ἄμορφον,
1351 1018 1519 1082 ἀντιπολι-

126 1120 129 1125 ’
194 1130 364 1199 τευομίνον
383 1125 619 1200 χρεωφειλέτην
648 1114 758 1179 eue.”
804 1118 842 1177 ad
868 1118 939 1179 An.
968 1114 1049 1179 VII.
1071 1114 1108 1189 8,
1135 1115 1167 1177 5.

272 1211 469 1295 ”Apamena
491 1212 612 1295 σεμνὸν
634 1213 800 1291 Ἀλφεοῦ,
828 1209 1015 1291 respiratio
1031 1208 1225 1272 veneranda
1249 1208 1383 1292 Alphei.
1429 1259 1444 1286 „
1454 1206 1481 1270 F
1485 1228 1520 1268 ae

193 1323 258 1368 nnn
281 1308 320 1366 ad
343 1311 497 1386 διψῶσαν
526 1306 662 1390 κρήνην,
699 1307 754 1367 sed
787 1307 824 1366 ad
852 1303 1021 1386 Πειρήνην
1034 1325 1110 1391 Ιοιιιο
1138 1303 1263 1365 venisse
1287 1304 1318 1366 et
1345 1303 1520 1388 ἄμπνευμα

193 1401 314 1484 σεμνὸν
336 1403 486 1481 Ἀλφεοῦ
513 1400 545 1463 in
571 1411 619 1473 te,
650 1410 683 1461 nt
711 1398 845 1476 scribis,
878 1399 1024 1473 haurire,
1056 1397 1086 1459 iu
1116 1397 1213 1460 tantIs
1239 1396 1304 1461 suis
1332 1396 1519 1478 praesertim

194 1493 389 1576 angustiis.’'
413 1498 452 1556 ad
478 1495 549 1558 Att.
575 1493 658 1557 XII.
683 1495 723 1568 5,
749 1496 779 1556 t.
825 1494 1024 1556 Suntverba
1056 1491 1188 1554 Pindari
1215 1493 1309 1554 Nem.
1334 1492 1364 1555 I.
1390 1494 1421 1553 1.
1467 1488 1520 1552 ste

193 1588 333 1669 appellat
357 1589 568 1665 Arethusam,
594 1589 650 1653 deci
668 1589 703 1654 τὸ
721 1590 905 1671 ἀπορῥῶγα
931 1598 990 1653 καὶ
1011 1584 1082 1652 οἷον
1103 1586 1210 1670 στόμα
1233 1587 1288 1664 τὴν
1312 1588 1522 1673 Ἀρέθουσαν

90 1738 93 1743 .
193 1684 313 1769 κρήνην
335 1688 393 1749 τοῦ
409 1686 557 1764 Ἀλφεοῦ
580 1684 681 1757 εἶναι,
708 1694 742 1744 nt
768 1682 810 1744 ait
838 1680 1046 1745 scholiastes.
1093 1681 1180 1743 Eun.

279 1779 457 1862 Ἀμύμων,
481 1768 661 1861 egregiim,
684 1780 901 1858 praeclarus.
926 1762 1068 1856 ‚jeta-is,
1094 1779 1160 1860 μετ’
1184 1776 1348 1860 ἀμύμονα.
1373 1777 1425 1840 Tu
1443 1799 1521 1843 vero

193 1872 344 1957 ἀμύμων.
391 1872 452 1936 Ille
471 1872 596 1954 quidem
616 1870 824 1958 ἄμβροτος.”
869 1873 908 1933 ad
927 1875 999 1933 Att.
1025 1871 1127 1933 XVI.
1153 1871 1192 1943 5,
1217 1871 1248 1933 5.

274 1970 501 2051 Ἀμφιβολία,
533 1967 694 2050 ornbigue
724 1966 866 2028 dicerem.
913 1966 1041 2044 „Acuta
1072 1963 1305 2049 ἀμφιβολία.”
1359 1967 1399 2027 ad
1428 1966 1520 2031 Fam.

192 2060 277 2125 VII.
302 2062 361 2136 32,
387 2061 418 2123 2.
442 2093 483 2104 -
529 2060 628 2125 ConI.
652 2063 692 2124 ad
716 2061 862 2124 Herenu.
886 2060 934 2125 11.
954 2061 1019 2132 11,
1047 2060 1100 2122 15.

274 2156 495 2238 Ἀμφιλαφία
518 2157 587 2231 (vel
611 2157 849 2240 ἀμφιλάφεια)
880 2153 956 2218 mihi
981 2153 1109 2216 videtur
1135 2176 1204 2217 esse
1226 2153 1381 2218 cautionis
1405 2177 1520 2239 genna,

195 2270 265 2311 cnm
294 2270 361 2312 eam
387 2250 543 2314 rationem
570 2260 732 2324 tenemus,
757 2263 791 2312 ut
815 2252 854 2312 ad
874 2261 1044 2333 utrumque
1067 2249 1169 2330 parati
1199 2247 1316 2323 simus,
1341 2260 1393 2325 nt,
1419 2252 1522 2334 quod·

194 2364 318 2426 cunque
342 2344 511 2419 acciderit,
544 2366 584 2408 eo
609 2356 698 2408 reete
725 2344 770 2407 uti
794 2343 972 2427 possimus;
1007 2353 1041 2403 ut
1065 2344 1199 2408 duarum
1226 2362 1332 2405 rerum
1357 2344 1450 2406 simol
1472 2366 1524 2407 ra·

194 2436 314 2501 tionem
337 2439 531 2515 habeamus,
554 2461 686 2524 qtiarum
710 2462 771 2502 uua
803 2438 928 2501 videtur
950 2460 1021 2500 enm
1046 2436 1224 2501 alteration
1250 2437 1326 2499 satis
1347 2437 1524 2502 consistere

195 2552 306 2612 posse.
329 2535 416 2597 Enu’.
458 2538 693 2618 Ἀμφιλαφεία
715 2534 830 2617 [immo
853 2534 1072 2617 ἀμφιλάφεια
1096 2531 1147 2594 vel
1168 2531 1407 2615 ἀμφιλαφία],
1439 2534 1523 2596 ‹It'ni-

193 2625 326 2690 tiarum
347 2627 562 2720 affluentia,
591 2630 680 2692 bona
701 2630 819 2712 eopia,
855 2649 883 2689 s.
915 2628 1116 2711 ἀμφιλαφὴς
1143 2638 1330 2713 περιουσία.
1374 2630 1525 2711 ,Ἀμφν

196 2728 323 2802 lamiae
349 2724 453 2798 illam,
487 2745 579 2806 quam
602 2734 635 2784 tu
658 2722 743 2785 soles
772 2722 899 2796 dicere,
930 2723 1017 2783 bono
1044 2723 1139 2783 modo
1164 2721 1330 2795 desidero,
1360 2725 1407 2783 sie
1430 2743 1525 2804 pror-

196 2836 266 2891 sus,
292 2826 327 2877 ut
349 2815 565 2879 advenientem
594 2815 749 2896 excipiam
774 2815 929 2890 libenter,
960 2814 1105 2875 latentem
1129 2815 1222 2876 etiam
1247 2836 1329 2877 natue
1352 2838 1416 2880 non
1440 2814 1527 2879 exci-

196 2919 273 2971 tem.
319 2909 440 2972 Tribus
459 2908 538 2972 loeis
564 2909 717 2983 aedifico,
742 2907 864 2991 reliqua
892 2909 1106 2971 reconcinno:
1139 2908 1215 2970 vivo
1240 2909 1337 2992 patrio
1362 2909 1524 2974 liberalius

198 3024 291 3085 quam
312 3003 495 3066 solebam.''
519 3005 559 3064 ad
582 3002 626 3083 Q.
647 3002 691 3064 fr.
723 3002 768 3066 II.
795 3003 827 3076 5,
860 3001 891 3066 i.
937 3000 1075 3080 Quintus
1097 3023 1114 3064 a
1134 3003 1253 3067 Marco
1280 3002 1380 3066 lratre
1401 3005 1527 3089 quaesi-

199 3106 311 3172 verat,
335 3117 393 3173 an,
416 3097 443 3160 si
460 3099 594 3161 Romam
614 3118 631 3159 e
653 3096 795 3159 Sardinia
816 3095 979 3172 rediisset,
1005 3117 1076 3158 cum
1094 3100 1173 3160 bene
1197 3111 1389 3161 exanimatum
1411 3102 1528 3181 depre-
1570 3102 1583 3121 '

198 3193 478 3266 hausurus-esset,
503 3193 533 3255 in
550 3212 652 3275 eoque
675 3191 730 3255 illo
755 3192 914 3255 vocabulo
938 3194 1170 3274 ἀμφιλαφείας
1193 3213 1268 3255 usus
1283 3204 1363 3257 erat.
1407 3192 1526 3259 Cicero

197 3282 299 3371 Igitur
324 3289 499 3370 respondet
526 3308 560 3351 se
586 3286 671 3348 illam
698 3305 793 3367 opum
818 3284 1010 3348 affluentiam
1035 3307 1060 3350 s.
1082 3309 1281 3351 nummorum
1305 3288 1527 3355 abundantiam

199 3378 323 3445 modice
338 3378 534 3456 desiderare3
558 3380 586 3445 si
602 3382 739 3457 venerit,
766 3381 903 3445 libenter
919 3394 1128 3462 excepturum
1144 3405 1152 3455 ;
1181 3396 1377 3460 nouantem,
1406 3383 1528 3447 etiamsi

199 3496 283 3538 nunc
311 3475 408 3539 lateat
434 3478 566 3538 necdum
598 3478 635 3538 ad
667 3497 701 3538 se
729 3475 931 3558 pervenerit,
964 3496 1103 3557 operose
1131 3488 1162 3548 et
1190 3477 1285 3541 anxie
1311 3479 1527 3562 qttaesiturum

200 3579 233 3632 et
256 3569 465 3632 excitaturum
487 3591 567 3635 esse.
611 3571 655 3633 Et
677 3592 758 3656 qnae
783 3581 962 3653 sequuntur
984 3570 1088 3633 statim
1107 3572 1263 3634 rationem
1285 3575 1438 3642 reddunt.
1470 3596 1529 3637 cur

199 3665 339 3727 nondum
366 3667 405 3725 ad
428 3664 498 3727 illas
523 3664 648 3728 divitias
672 3664 813 3748 potnerit
840 3665 1027 3747 pervenire,
1054 3665 1127 3748 qnia
1145 3667 1247 3730 tribus
1268 3668 1349 3731 Iocis
1369 3668 1527 3747 aedificet,

202 3770 308 3822 cetera
331 3759 555 3836 reconcinnet,
588 3773 618 3822 et
638 3760 735 3844 genio
757 3760 919 3823 liberalius
940 3760 1115 3845 indulgeat.
1161 3759 1277 3825 Similis
1305 3762 1395 3826 loeus
1419 3777 1467 3828 est
1491 3769 1531 3829 ad

204 3852 247 3933 0.
272 3854 315 3918 Ir.
339 3854 388 3917 II.
409 3854 466 3927 15,
492 3855 530 3929 ὑ,
554 3854 585 3917 3.
610 3878 702 3939 quem
733 3855 783 3917 hic
805 3854 868 3917 iam
892 3855 967 3917 olim
991 3877 1008 3917 a
1034 3855 1127 3919 nobis
1151 3855 1193 3918 ita
1216 3850 1418 3920 emendatum⁸
1440 3860 1534 3941 poni-

204 3968 297 4011 mus:
327 3946 463 4033 „Qttare
491 3946 656 4011 stravitatis
686 3949 832 4031 equidem
857 3961 987 4012 nostrae
1014 3949 1171 4015 liniendae
1197 3973 1292 4014 carisa
1320 3972 1469 4035 cuperem
1501 3967 1533 4019 te

203 4044 244 4108 ad
270 4040 301 4104 id
321 4054 445 4126 tempus
474 4041 605 4118 venire,
635 4046 722 4126 quod
745 4043 891 4105 dixeras:
922 4045 977 4107 sed
1003 4043 1080 4107 illud
1104 4045 1187 4109 malo
1214 4059 1335 4119 tamen,
1369 4051 1458 4131 quod
1476 4072 1536 4132 pu·

204 4147 274 4210 tas3
301 4136 418 4201 etenim
447 4136 554 4220 magni
578 4137 709 4200 aestimo
741 4140 977 4221 ἀμφιλαφείαν
1005 4139 1120 4220 [immo
1147 4143 1367 4224 ἀμφιλαφίαν
1390 4144 1438 4205 vel
1468 4149 1534 4229 ἀμ·

121 4238 126 4251 ”
208 4230 412 4313 φιλάφειαν]
434 4229 519 4294 illam
544 4238 628 4294 tuam
651 4243 682 4295 et
702 4232 949 4313 explicationem
973 4234 1152 4299 debitorum
1172 4245 1314 4300 tuorum.
1356 4237 1442 4301 Illud
1461 4239 1534 4323 qui·

209 4326 280 4386 dem
298 4326 344 4387 sic
365 4325 500 4403 habeto,
529 4327 606 4390 nihil
624 4324 718 4391 nobis
745 4327 921 4408 expeditis,
953 4329 979 4392 si
1006 4330 1195 4405 valebimus,
1229 4329 1302 4393 Iore
1323 4331 1533 4397 fortunatius.

210 4417 320 4482 Parva
342 4429 416 4480 sum
438 4442 518 4504 qnae
543 4424 674 4495 desunt,
712 4421 829 4484 nostris
856 4422 981 4505 quidem
1007 4424 1168 4499 moribus,
1200 4435 1232 4486 et
1254 4446 1291 4488 ea
1314 4438 1387 4489 siant
1413 4429 1453 4489 ad
1479 4450 1536 4492 ex·

210 4512 389 4595 plicandum
413 4515 668 4596 expeditissima,
701 4518 797 4580 modo
824 4517 1023 4581 valeamus.’'
1075 4517 1241 4582 Ernestius
1267 4520 1382 4605 aliique
1408 4544 1425 4585 a
1453 4545 1534 4588 vero

211 4608 327 4671 horum
347 4606 492 4672 locorum
512 4632 605 4674 sensu
626 4633 760 4693 prorsus
787 4613 989 4676 aberrarunt.
1035 4614 1181 4679 Senienz.

294 4705 496 4784 Ἀναβολαν,
525 4705 719 4772 dilationes.
762 4708 850 4783 „Sed
876 4721 909 4771 ut
936 4710 974 4770 ad
996 4707 1097 4790 prima
1120 4708 1172 4772 illa
1193 4714 1339 4788 redeam,
1369 4712 1447 4777 nibil
1471 4734 1534 4800 ego

212 4796 265 4860 illa
289 4796 520 4879 impudentius,
549 4800 700 4876 astutius,
718 4801 833 4865 lentius
851 4803 937 4867 vidi:
966 4802 1115 4869 libertum
1133 4803 1244 4873 mitto:
1268 4805 1347 4873 Tito
1368 4808 1534 4875 manduit

214 4891 352 4972 σκήψεις
374 4902 470 4976 atque
488 4895 697 4976 ἀναβολα1.”
717 4896 759 4961 ad
782 4900 856 4961 An.
878 4898 908 4962 Ι.
932 4897 990 4975 12,
1019 4902 1062 4973 t.
1234 4890 1237 4894 ⁴
