3202 5318
179 272 243 399 iet
583 317 735 384 utnux
756 311 1111 379 FouotULatttJM.

179 468 349 542 tatoris,
384 459 562 528 consulis
586 453 805 540 designati,
841 451 1099 534 propositum
1123 450 1196 522 sit,
1227 458 1414 511 senatum
1441 446 1524 510 eai-

181 562 359 632 stimare,
390 557 434 618 D.
460 555 647 623 Brutum,
671 548 985 626 imperatorem,
1009 543 1220 605 consulem
1243 539 1521 621 designatum,

183 652 337 736 optime
367 652 412 710 de
440 666 483 707 re
514 640 679 723 publica
715 635 880 708 mereri,
915 657 996 697 cum
1033 644 1197 696 senatus
1227 630 1525 695 auctoritate!

181 739 405 826 populique
447 731 618 799 Romani
667 729 905 791 libertatem
954 724 1252 807 imperiumque
1304 722 1527 788 defendat:

183 834 376 980 quodque
408 824 660 909 provinciam
694 818 1164 891 Galliamciteriorem,
1205 815 1455 896 optimorum
1490 829 1530 879 et

206 920 503 989 ortisaimorum
541 915 720 978 virorum
762 909 1182 990 amicissimorumque
1218 909 1289 971 rei
1326 909 1529 989 publicae

183 1014 352 1087 eivinm,
388 1007 698 1086 exercitumque
732 1003 768 1066 iu
803 1015 968 1064 senatus
1003 1011 1214 1081 potestate
1247 1003 1456 1073 retineat,
1491 999 1530 1061 id

185 1128 266 1171 eum
300 1102 611 1182 exercitumque
643 1096 744 1167 eius,
778 1093 1021 1173 municipia,
1055 1092 1247 1156 colonias
1278 1091 1529 1175 provinciae

185 1197 365 1271 Galliae,
400 1202 511 1256 recte
541 1202 659 1271 atque
694 1185 837 1249 ordine
870 1207 996 1266 exque
1028 1205 1068 1246 re
1101 1185 1267 1265 publica
1299 1184 1456 1247 iecisse
1490 1194 1531 1246 et
1587 1259 1590 1262 Α

84 1363 88 1370 ,
184 1290 343 1355 iacere:
375 1295 553 1349 senatum
577 1284 622 1343 ad
643 1297 828 1342 stamiriam
853 1276 1156 1357 rempublicam
1181 1277 1396 1356 pertinere
1421 1276 1528 1340 arbi·

185 1379 311 1455 tra‘ri,
346 1377 431 1439 aD.
456 1378 586 1438 Bruto
614 1385 650 1434 et
680 1376 724 1435 ab
747 1375 791 1435 L.
817 1371 972 1434 Planco
1002 1368 1346 1449 imperatoribus,
1380 1390 1529 1432 consu·

185 1472 296 1535 libus
319 1466 571 1550 designatis,
606 1465 785 1547 itemque
808 1485 825 1525 a
848 1460 1015 1535 ceteris,
1052 1460 1119 1543 qui
1141 1461 1391 1540 provincias
1416 1464 1529 1526 obti-

186 1572 295 1637 nent,
330 1559 519 1624 obtineri
549 1579 595 1619 ex
628 1563 718 1639 lege
749 1555 875 1631 Iulia,
910 1555 1123 1635 quoadex
1145 1559 1308 1614 s'euatus
1331 1555 1530 1620 consulto

188 1652 333 1734 cuique
355 1672 494 1715 eorum
517 1669 750 1710 successum
775 1649 844 1720 sit;
882 1666 1034 1726 eosque
1057 1648 1152 1706 dare
1175 1666 1355 1725 operam,
1389 1659 1433 1708 ut
1457 1669 1531 1713 eae

109 1770 112 1776 ·
187 1741 432 1826 provinciae
463 1739 757 1822 exercitusque
787 1738 827 1801 in
857 1737 987 1799 senati
1015 1737 1243 1820 populique
1266 1740 1439 1803 Romani
1462 1763 1533 1822 po·

189 1846 337 1899 testate
359 1831 650 1915 praesidioque
673 1831 731 1893 rei
753 1829 946 1911 publicae
969 1829 1069 1890 siut:
1093 1849 1259 1910 cumque
1282 1850 1426 1909 opera,
1453 1835 1535 1895 rir-

190 1939 295 2003 oute,
334 1923 513 1990 con'silio
549 1922 591 1985 C.
626 1920 820 1985 Caesaris
854 1941 1089 2005 summoque
1122 1941 1321 1984 consensu
1356 1923 1534 1986 militum

192 2030 493 2090 veteranorum,
530 2014 598 2096 qui
629 2014 714 2076 eius
749 2013 1039 2077 auctoritatem
1074 2016 1204 2075 secuti
1236 2019 1300 2080 rei
1335 2017 1535 2094 publicae

190 2109 397 2193 praesidio
419 2118 570 2170 suntet
593 2107 779 2180 luerunt,
804 2128 819 2166 a
845 2103 1108 2188 gravissimis
1129 2106 1328 2185 periculis
1351 2111 1535 2191 populus

88 2264 93 2275 ,
194 2205 396 2267 Romanus
419 2201 614 2262 deleusus
637 2199 688 2280 sit
712 2210 748 2261 et
770 2201 845 2260 hoc
868 2210 1050 2278 ternpore
1073 2199 1338 2275 delendatnr;
1362 2221 1535 2284 eramque

193 2293 307 2376 legio
329 2292 478 2356 Martia
501 2291 631 2354 Albae
658 2289 916 2363 constiterit,
952 2288 988 2350 in
1024 2291 1246 2372 municipio
1277 2292 1535 2357 fidelissimo

193 2395 233 2448 et
252 2383 498 2459 fortissimo,
524 2403 694 2463 seseque
717 2385 762 2444 ad
785 2394 951 2445 senatus
982 2383 1272 2446 auctoritatem
1303 2384 1535 2468 populique

195 2475 367 2543 Romani
389 2476 621 2539 libertatem
645 2474 889 2547 contulerit;
913 2476 1360 2556 etquodparieonsilio
1377 2479 1536 2538 eadem-

196 2588 273 2651 que
303 2567 456 2630 virtute
486 2560 596 2649 leg'io
630 2578 773 2648 quarta
809 2586 896 2641 usa,
931 2568 1028 2628 duce
1050 2568 1094 2628 L.
1124 2569 1378 2652 Egnatuleio
1411 2588 1536 2650 quae-

194 2670 330 2734 store,
367 2659 449 2721 civi
480 2659 669 2740 egregio,
705 2670 867 2719 senatus
891 2658 1176 2721 anctoritatem
1199 2662 1430 2745 populique
1454 2663 1534 2726 tto-

198 2751 302 2815 mant
331 2751 561 2814 libertatem
591 2750 787 2813 defendat
816 2770 860 2811 ac
889 2750 1140 2814 defenderit:
1178 2754 1336 2816 senatui
1360 2774 1535 2833 magnae

196 2862 317 2903 curae
347 2863 437 2904 esse
465 2862 507 2902 ac
534 2843 644 2916 lore,
680 2854 720 2902 ut
748 2862 824 2923 pro
848 2842 972 2903 tantis
995 2862 1130 2904 eorum
1154 2843 1189 2905 in
1212 2865 1294 2907 rem
1323 2845 1536 2925 publicam

198 2931 352 2994 meritis
375 2933 553 2994 bonores
575 2935 631 2995 eis
654 2936 885 2995 habeantur
916 2935 1156 3017 gratiaeque
1183 2936 1443 2997 referantur:
1479 2958 1538 2999 se·

198 3022 305 3086 natni
327 3024 505 3103 placere,
530 3024 644 3088 utiC.
663 3027 808 3102 Pansa,
831 3027 874 3087 A.
892 3026 1070 3099 Hirtius,
1096 3029 1288 3089 consules
1311 3027 1535 3109 designati,

199 3135 283 3176 cum
308 3115 586 3199 magistratum
610 3116 800 3191 inissent,
826 3117 857 3178 si
880 3117 937 3178 eis
960 3118 1187 3192 rideretur,
1211 3120 1342 3198 primo
1365 3139 1537 3200 quoqne

199 3215 382 3286 tempore
406 3208 451 3269 de
473 3208 532 3269 his
554 3210 676 3269 rebus
700 3212 747 3270 ad
769 3209 869 3270 hunc
892 3208 1079 3270 ordinem
1102 3211 1330 3284 referrent,
1352 3209 1410 3271 ita
1435 3209 1496 3272 uti
1520 3232 1538 3273 e

200 3299 431 3380 republica
454 3300 624 3382 lideque
647 3322 712 3363 sua
736 3299 961 3363 ¹videretur.
1006 3302 1150 3383 Philipp.
1175 3304 1211 3376 8,
1239 3303 1291 3366 15.

288 3391 504 3470 Quamobrem
521 3392 568 3454 his
583 3393 706 3468 verbis,
726 3395 767 3456 P.
787 3391 848 3467 C..
867 3393 1183 3456 senatusconsultum
1196 3395 1377 3456 faciendum
1395 3415 1536 3458 censeo:

200 3478 298 3548 (lum
320 3483 365 3546 D.
383 3485 533 3545 Brutus
555 3483 798 3565 imperator,
823 3485 966 3565 consul
990 3484 1245 3566 designatus,
1270 3480 1536 3567 provinciam

202 3573 375 3638 Galliam
406 3574 445 3636 in
474 3587 636 3638 senatus
665 3577 895 3657 populique
925 3576 1096 3638 Romani
1130 3589 1341 3658 potestate
1371 3588 1533 3650 teneat,

201 3686 366 3748 cumque
389 3667 615 3729 exercitum
639 3679 786 3729 tantum
810 3668 1534 3750 tambrevitemporesurnmostndio

202 3756 515 3838 municipiorum
547 3759 883 3839 coloniarumque
917 3761 1160 3839 provinciae
1189 3760 1347 3823 Galliae
1381 3761 1535 3840 optime

204 3849 313 3910 dere
342 3848 509 3930 publica
540 3850 704 3910 meritae
732 3850 1010 3934 merentisque
1033 3852 1352 3932 conscripserit,
1377 3871 1537 3931 compa-

202 3938 325 4001 rarit:
365 3939 402 4000 id
425 3959 511 4001 eum
534 3950 649 4001 recte
672 3952 708 4002 et
731 3941 877 4003 ordine
900 3962 1032 4026 exque
1056 3965 1097 4004 re
1120 3944 1281 4024 publica
1303 3943 1459 4005 fecisse
1480 3944 1538 4004 id-

79 4019 106 4105 ,’
204 4050 280 4111 que
301 4029 347 4092 D.
371 4030 908 4111 Brutipraestantissituum
942 4035 1127 4097 meritum
1155 4036 1192 4096 in
1220 4056 1297 4096 rem
1327 4034 1539 4114 publicam

207 4121 368 4183 senatui
395 4123 634 4203 populoque
665 4124 849 4186 Romano
878 4137 1037 4206 gratum
1069 4146 1160 4188 esse
1189 4126 1360 4188 ctione:
1399 4125 1541 4207 itaque

204 4222 389 4274 senatum
412 4213 683 4293 populumque
706 4214 924 4276 Rornanum
949 4216 1190 4279 existimare
1212 4218 1256 4279 D.
1281 4217 1397 4278 Bruti
1420 4217 1541 4297 impe·

203 4304 360 4366 tatoris
382 4302 567 4365 consulis
590 4303 794 4386 designati
818 4327 962 4387 opera,
996 4308 1196 4381 consilio,
1221 4307 1383 4370 virtute
1405 4308 1541 4371 incre·

205 4388 405 4473 dibilique
427 4393 565 4458 studio
587 4405 624 4456 et
646 4416 850 4460 consensu
872 4399 1117 4478 provinciae
1140 4399 1301 4463 Galliae
1323 4399 1382 4461 rei
1405 4399 1541 4481 publi·

205 4500 276 4542 cae
298 4483 558 4548 difficillimo
581 4498 769 4567 tempore
791 4509 879 4552 esse
901 4494 1154 4554 subventum.
1185 4490 1331 4570 Philipp.
1348 4492 1387 4565 5,
1406 4492 1464 4565 ld,
1483 4492 1538 4554 36.

289 4571 392 4647 Quam
416 4577 460 4638 ob
480 4596 606 4640 causam
629 4578 743 4641 iustam
766 4592 860 4663 atque
878 4604 1041 4665 magnam,
1067 4594 1099 4645 et
1121 4586 1209 4665 quod
1232 4581 1539 4661 periculosissimo-

205 4657 298 4722 cirile
321 4663 439 4727 bellum
465 4668 698 4752 maximumque
721 4673 912 4736 humanitate
936 4685 967 4735 et
989 4674 1144 4755 sapientia
1167 4694 1224 4737 sua
1246 4673 1300 4737 M.
1326 4672 1472 4756 Lepidus
1498 4676 1540 4737 ad
