3202 5318
528 326 961 427 eulaeo-usuum.
1365 362 1405 428 ιι

149 505 416 582 ’.1φελέστατος,
438 500 715 584 simpliaissimus
739 501 761 564 i.
780 524 809 564 e.
828 500 905 565 nihil
920 501 1064 586 fingens,
1088 500 1164 564 nihil
1186 501 1404 575 dissimulans,

62 597 133 661 sine
156 597 292 660 fallaciis
316 605 348 658 et
370 595 461 658 fuco.
490 596 621 678 „Abest
642 594 745 658 frater
768 599 992 677 ἀφελέστατος
1013 606 1045 658 et
1068 595 1309 683 amantissimus.
1324 597 1342 625 ''
1367 600 1407 663 ad

62 692 139 756 An
148 690 339 866 ’iipiiid'gii
347 782 569 866 simplieitem
598 786 684 865 (ιιοιι
707 788 825 866 tecte).
872 787 1003 868 „Quam
1026 784 1122 849 multa
1145 787 1310 867 (putas)
1300 811 1404 873 ipsum

63 882 201 961 ἀφελῶς
224 899 348 942 mecum
371 878 403 939 in
427 898 576 941 sermone
598 881 640 942 ita
665 880 911 962 protulisset„
922 882 956 943 id
977 880 1051 967 mihi
1074 901 1139 946 non
1161 878 1298 962 placuit.
1335 906 1405 951 mo·

63 974 139 1050 uui,
164 975 270 1048 suasi,
293 971 493 1037 deterrui?”
524 974 628 1054 adQ.
650 974 695 1038 ir.
719 975 749 1037 1.
773 996 826 1058 ep.
852 977 883 1037 2.
909 998 939 1039 e.
966 980 1002 1053 1,
1021 960 1060 1040 3
1083 1008 1125 1020 -
1169 976 1250 1063 „Tu
1272 978 1405 1043 sceleste

64 1068 259 1152 suspicaris.
283 1088 348 1153 ego
371 1069 505 1147 ἀφελῶς
525 1067 673 1149 scripsi!
677 1069 768 1132 ’ad
791 1071 864 1139 Au.
889 1071 955 1134 VI.
980 1074 1016 1147 1,
1041 1072 1074 1147 d.
1101 1107 1140 1122 --
1190 1073 1282 1155 „Sed
1303 1085 1405 1149 tamen

63 1167 202 1245 ἀφελῶς
229 1165 455 1245 percontando
485 1166 523 1225 de
552 1163 735 1227 nominibus
766 1164 902 1227 Milonis
931 1197 972 1208 -
1001 1165 1120 1249 aliquid
1149 1126 1405 1250 111”proficies.”

66 1262 109 1320 ³4
133 1256 367 1437 Αἰαἲίφιχδῖἑτηιῖτα
382 1259 596 1441 ifauum.
591 1352 672 1433 .,Α(1
695 1353 728 1417 id
748 1365 871 1430 attteru,
901 1355 989 1439 quod
1015 1355 1182 1445 volumus,
1210 1360 1404 1446 ἀφίδρυμα,
1443 1349 1449 1361 ’

68 1448 148 1512 nihil
180 1446 282 1531 aptius
305 1445 434 1509 videtur
456 1468 550 1531 quam
574 1406 681 1524 liicus,
717 1470 811 1533 quem
845 1470 907 1534 ego
934 1454 1077 1515 noram'
1082 1450 1174 1514 ’ad
1203 1454 1274 1518 Att.
1305 1454 1406 1521 xltl.

66 1543 602 1719 29’ἳι1φιλόι1οξοιηιιιιιὶιίἰιόιιιι
623 1659 762 1701 vacans.
810 1685 825 1713 ,,
838 1639 922 1719 Qum
945 1639 1059 1718 etiam,
1085 1643 1174 1725 quod
1189 1653 1237 1717 est
1252 1604 1405 1706 subinane

64 1733 96 1796 in
119 1728 217 1796 uulsis
238 1742 270 1792 et
293 1751 358 1792 ιιοιι
381 1730 586 1811 ἀφιλόδοξον
615 1768 656 1780 -
684 1734 801 1795 bellum
825 1745 874 1795 est
897 1734 978 1796 enim
1001 1756 1057 1800 sua
1081 1733 1156 1799 vitia
1179 1758 1274 1800 nosse
1303 1773 1344 1784 —
1371 1736 1406 1802 id

64 1827 210 1891 afficitur
231 1826 368 1908 quadam
392 1826 644 1891 delectatione.'’
689 1830 728 1890 ad
751 1830 823 1892 Au.
847 1828 896 1891 11.
921 1831 983 1906 47,
1008 1831 1041 1895 2.

148 1918 367 2003 Ἀφομιλιῖν,
395 1941 419 1981 a
445 1923 692 1985 cousuetudine
717 1922 770 1985 vel
799 1924 969 2007 colloquio
996 1924 1146 1989 alieuius
1167 1945 1331 2008 separare
1353 1946 1403 1991 se.
1522 1944 1528 1963 ¹

68 2014 281 2097 ..Demetrius
313 2013 398 2076 venit
429 2017 466 2077 ad
491 2038 559 2079 me:
595 2038 661 2102 quo
685 2018 810 2102 quidem
834 2020 1005 2085 comitatu!
1051 2020 1296 2106 Ἀφωμιλησατ
1327 2020 1404 2084 satis

66 2113 139 2174 scis.
157 2111 176 2132 ’¹
223 2111 261 2170 ad
285 2108 502 2173 t·a=n.xv1.
529 2116 586 2187 47,
615 2113 647 2174 2.

146 2204 350 2289 Αφρακτα,
377 2224 481 2267 naves
503 2227 571 2270 non
595 2220 704 2271 tectae
729 2210 792 2273 secl
817 2222 970 2293 apertae.
1024 2210 1245 2328 „Apparere
1257 2208 1405 2279 Rhodio-

67 2324 135 2365 rum
158 2312 191 2363 et
213 2304 351 2385 ὅίκροτα
367 2298 425 2393 111)
423 2299 640 2365 tileuaeorum
665 2304 818 2367 habebam
843 2318 874 2368 et
896 2305 1015 2389 aliquid
1038 2305 1216 2372 ε’πικωπων.
1227 2305 1309 2367 ”ad
1330 2305 1403 2371 Au.

68 2399 114 2459 V.
141 2398 196 2473 11,
227 2394 325 2456 1.-
377 2394 472 2474 „lam
504 2397 588 2459 nosti
617 2398 778 2486 ἄφρακτα
802 2400 1023 2463 Rhodiorum:
1063 2399 1157 2475 nihil,
1193 2398 1404 2484 quodminus

67 2493 198 2555 fluctum
221 2487 308 2551 ferre
332 2488 478 2569 possit.”
523 2494 562 2554 ad
584 2494 656 2556 Att.
681 2495 728 2556 V.
755 2494 813 2567 12,
845 2496 877 2555 1.
900 2529 942 2540 -
993 2496 1194 2574 „Recordor
1217 2491 1318 2567 euim,
1351 2513 1404 2556 ae·

68 2598 150 2649 state
179 2605 251 2646 cum
275 2580 332 2644 illo
357 2582 605 2649 Rhodiorum’
584 2587 748 2671 ἀφράκτῳ
772 2587 924 2671 navigans
948 2609 1041 2671 quam
1063 2588 1178 2653 fuerim
1206 2586 1405 2652 sollicitus.''

68 2689 106 2749 ad
136 2683 206 2744 Au.
239 2678 289 2740 X.
322 2678 379 2757 11,
415 2681 447 2743 1.
480 2715 514 2726 -
570 2684 791 2762 opponuntur
820 2683 1063 2766 κατάφρακτα,
1097 2704 1179 2768 quae
1209 2693 1406 2746 constratae

69 2771 204 2838 Caesari
235 2791 395 2843 vocantur
424 2780 462 2838 de
492 2776 585 2839 Bello
610 2775 721 2841 Civili.
773 2776 825 2840 De
848 2777 884 2840 iis
908 2778 975 2840 vid.
1000 2778 1125 2842 Schell.
1150 2780 1189 2840 de
1211 2798 1247 2839 re
1270 2796 1346 2840 nav.
1369 2798 1405 2859 p.

69 2870 143 2932 130.
190 2870 273 2937 Eur.
1039 2892 1044 2901 ·

148 2966 388 3052 Ἀφωμίλησα.
416 2966 495 3028 Vid.
516 2965 723 3047 Ἀφομιλιῖν.

149 3062 375 3148 Ἀχαριαάα,
398 3062 562 3144 ingratus
584 3061 735 3122 artimus.
781 3060 855 3143 „lta
886 3060 1037 3124 meruisse
1059 3059 1147 3122 illum
1171 3063 1282 3122 deme
1306 3069 1402 3143 puto,

69 3168 102 3218 ut
125 3161 330 3244 ἀχαριστίας
352 3155 471 3221 crimen
495 3155 602 3218 subire
626 3177 689 3218 uon
712 3155 880 3219 audeam.’'
926 3158 964 3219 ad
987 3160 1057 3220 Att.
1081 3156 1146 3219 IX.
1172 3161 1212 3233 7,
1237 3158 1267 3220 1.

701 3342 756 3423 B.

153 3525 324 3601 Βαθύτης,
356 3520 543 3613 profunda
576 3521 809 3607 taciturpitas.
866 3569 880 3595 ,
892 3523 942 3585 Ne
971 3523 1116 3603 βαθύτης
1148 3543 1235 3601 mea,
1270 3523 1404 3607 quaein

69 3622 194 3700 agendo
218 3617 385 3700 apparuit,
411 3617 635 3680 inscribendo
658 3616 698 3678 sit
722 3617 881 3679 oculatior
904 3627 935 3678 et
958 3616 1077 3699 aliquid
1099 3616 1276 3681 satisfactio
1291 3617 1405 3683 levita·

69 3712 106 3772 tis
130 3712 251 3774 habere
275 3711 462 3774 videatur.''
507 3713 546 3772 ad
569 3712 638 3778 Att.
662 3711 727 3772 IV.
752 3711 786 3784 (ι,
816 3711 847 3772 3.
867 3740 904 3757 κ
930 3710 1072 3794 „ltaque
1089 3711 1287 3775 admirabere
1302 3733 1404 3775 meam

70 3805 259 3883 ραἓέτητα,
285 3827 354 3867 cum
378 3805 459 3866 salvi
481 3804 691 3867 redierimus:
721 3815 805 3866 tauta
836 3804 909 3866 mihi
936 3812 1048 3887 μελέτη
1078 3805 1172 3868 huius
1201 3806 1325 3870 virtutis
1352 3811 1406 3869 da-

70 3901 161 3961 tur.''
208 3902 246 3960 ad
270 3902 341 3961 au.
365 3899 410 3962 V.
436 3902 494 3973 10,
525 3899 559 3960 3.
584 3931 622 3942 -
676 3898 797 3979 „Quod
820 3920 919 3960 aucam
949 3900 1119 3980 βαδάτητα
1147 3901 1176 3962 in
1208 3899 1317 3983 Appio
1348 3901 1406 3965 tibi

70 3996 195 4076 probo,
221 3993 618 4077 vehementergsudeo.’'
672 3996 711 4055 ad
734 3995 805 4055 Au.
829 3994 894 4057 Vl.
920 3995 956 4069 4,
991 3994 1024 4057 2.
1051 4031 1082 4040 -
1135 3995 1302 4057 Sallustius
1326 3994 1404 4078 lug.

73 4093 144 4153 105.
168 4089 390 4151 altitudinem
412 4089 545 4172 ingenii
567 4100 681 4163 vocat,
708 4110 787 4173 quae
811 4100 858 4152 est
880 4109 1010 4164 eorum,
1040 4111 1177 4173 quorum
1201 4089 1332 4150 consilia
1356 4109 1407 4151 as·

70 4183 158 4267 sequi
184 4204 250 4246 nou
272 4204 460 4264 possumus,
486 4182 541 4267 qui
564 4184 655 4247 valde
679 4196 789 4269 tegunt
812 4205 888 4246 suos
911 4205 1032 4248 seusus.
1056 4207 1089 4246 v.
1113 4185 1259 4246 Turneb.
1277 4182 1406 4244 Adver-

71 4301 133 4340 ιιι.
161 4277 230 4340 Ill.
258 4277 321 4352 15,
347 4300 440 4361 quem
465 4282 504 4340 ad
528 4279 604 4341 Sall.
627 4279 649 4342 l.
672 4301 701 4340 c.
726 4279 830 4341 laudat
856 4277 1001 4342 Cortius.
1021 4277 1177 4357 Polybius
1201 4276 1402 4359 inExcerpt.

70 4374 154 4435 Virt.
178 4383 211 4434 et
234 4372 304 4433 Vit.
328 4395 362 4454 p.
388 4374 486 4435 4444.
512 4385 608 4435 vocat
629 4374 748 4451 βάὲος.
775 4371 829 4435 ubi
853 4372 918 4435 vid.
943 4372 1054 4435 vates.
1076 4371 1129 4435 Sic
1146 4369 1245 4437 Ovid.
1261 4373 1338 4434 Am.
1355 4372 1404 4436 ll.

72 4470 102 4540 l,
134 4468 188 4530 46.
222 4489 271 4528 eae
297 4468 369 4530 ulto
398 4467 632 4530 dissimulare.
658 4467 711 4530 ubi
734 4491 768 4530 v.
793 4468 965 4541 Burman.,
991 4465 1045 4548 qui
1067 4476 1155 4527 recte
1178 4467 1216 4528 de
1238 4466 1403 4549 profundo

10 4594 16 4657 ².
72 4562 197 4626 silentio
220 4559 383 4644 intelligit.
409 4562 593 4625 Tuustallus
617 4561 646 4624 in
671 4561 778 4644 Epist.
803 4563 842 4622 ad
864 4560 1063 4624 Middletou.
1085 4582 1119 4643 p.
1147 4562 1220 4624 444.
1242 4560 1402 4644 iuterpre-

74 4668 151 4720 tatur
171 4655 411 4740 prudentiam.
458 4657 544 4719 Euu.

149 4756 334 4834 Bqltmruc,
366 4750 438 4813 uita
458 4746 648 4842 (feliciter)
669 4762 749 4813 acta
770 4761 834 4814 est.
869 4749 1038 4824 „Verum,
1064 4748 1090 4812 si
1114 4748 1256 4837 quaeris,
1284 4747 1405 4814 homini

78 4864 132 4909 ιοιι
153 4857 265 4922 reeta,
290 4846 349 4909 sed
370 4844 553 4929 voluptaria
576 4844 763 4930 quaerenti,
787 4864 892 4909 nonne
920 4852 996 4928 βεβι
997 4844 1108 4922 ωται;’
1113 4848 1205 4910 ad
1220 4845 1293 4909 Au.
1316 4841 1402 4908 XII.
