3202 5318
187 283 250 371 uu
329 346 340 369 „
669 180 824 349 lunen
844 278 1027 367 pennu.

184 402 237 505 id,
272 425 422 515 qnoniam
450 424 524 509 lege
552 420 645 499 Iulio
671 422 853 509 relinquere
874 421 1017 499 rationes
1036 420 1069 486 in
1098 419 1265 506 provincia
1287 443 1418 489 necesse
1447 435 1516 488 erat

185 510 376 607 eaqdemque
404 519 536 607 totidem
564 516 670 599 perbis
694 517 818 583 referre
849 521 889 582 ad
917 517 1092 595 aerarium,
1119 515 1183 601 feei
1207 515 1240 580 in
1266 515 1446 599 provincia.
1470 548 1512 562 —

184 616 271 699 Lilud
286 615 411 703 quidem
433 623 522 679 certe
538 610 656 677 iactum
672 624 736 689 est,
761 615 849 697 quod
863 613 915 677 lex
932 611 1081 687 iubebat,
1103 622 1138 675 nt
1157 614 1239 693 apud
1258 612 1338 675 duas
1356 609 1513 687 civitatee,

185 710 416 797 Laudicensem
438 719 470 777 et
494 710 748 792 Apameensem,
772 728 854 789 quoe
875 706 969 771 uobis
984 704 1118 770 maxime
1133 705 1343 778 videbantur,
1367 704 1518 787 quioniam

185 802 230 883 iu
254 823 382 869 necesse
406 812 493 879 erat,
517 802 659 883 rationes
683 799 848 867 consectas
868 802 1064 886 collatisque
1082 797 1350 883 deponeremus.”
1373 798 1518 865 adFam.

185 898 234 963 V.
263 896 320 977 ill,
353 896 386 960 2.
421 931 463 944 -
484 895 574 973 ’,Πε
602 894 781 961 rationibus
808 893 1004 971 referendis,
1039 917 1103 962 uon
1129 907 1199 959 erat
1223 895 1459 977 incommodum
1488 905 1520 959 te

185 992 288 1081 nullas
310 991 450 1067 releree,
475 1011 569 1078 quam
590 988 648 1054 tibi
672 987 786 1055 scribis
812 1011 829 1052 a
853 989 971 1055 Bibulo
999 988 1070 1053 lieri
1091 1001 1302 1073 potestateme
1330 993 1385 1053 sed
1408 988 1441 1053 id
1463 988 1519 1052 rix

185 1085 261 1169 mihi
287 1085 404 1151 videris
430 1107 489 1168 per
512 1087 615 1171 legem
631 1085 758 1151 Iuliam
779 1082 886 1148 iacere
905 1104 1024 1166 posse:
1059 1105 1152 1168 quam
1171 1082 1306 1159 Bibulus
1328 1095 1416 1146 certa
1439 1104 1521 1168 qua·

186 1170 256 1267 ‹iqpi
275 1182 400 1253 ratione
418 1200 483 1245 nou
506 1189 630 1253 servat,
656 1177 713 1241 tibi
732 1199 848 1263 magno
870 1198 970 1261 opere
983 1181 1172 1244 servandam
1196 1175 1348 1265 censeo.’'
1371 1178 1410 1241 ad
1425 1177 1517 1242 Fam.

185 1264 236 1345 11.
262 1276 320 1350 17,
344 1275 376 1339 2.
399 1284 437 1321 ·-'
464 1274 567 1358 „Ego
582 1272 766 1339 Laodiceae
788 1284 992 1359 quaestorem
1009 1271 1199 1339 Mescinium
1221 1283 1410 1356 exspectare
1426 1270 1517 1355 iussi.

185 1382 221 1437 ut
246 1369 411 1437 coniectas
433 1366 575 1433 rationes
595 1367 666 1452 lege
688 1367 780 1433 lulio
802 1368 886 1449 apud
909 1368 985 1431 duas
1008 1366 1153 1435 civitates
1168 1366 1287 1450 possim
1303 1365 1518 1451 relinquere.’'

186 1465 226 1530 ad
253 1468 322 1531 att.
352 1463 416 1539 Vl.
449 1465 486 1539 7,
512 1462 544 1529 2.
567 1496 608 1508 -
641 1463 825 1543 „Rationes
850 1461 888 1522 ad
910 1459 1067 1531 aerarium
1094 1461 1200 1525 rettuli
1221 1460 1316 1542 (Piso
1342 1460 1517 1533 Caesarem

186 1557 373 1645 alloquitur)
395 1555 569 1631 continuo,
593 1554 682 1618 sieut.
696 1565 749 1619 tua
772 1556 825 1619 lex
845 1555 992 1619 iubebat:
1025 1575 1128 1642 neque
1153 1555 1214 1619 alia
1236 1554 1268 1619 iu
1294 1576 1330 1620 re
1355 1556 1421 1642 legi
1444 1566 1517 1621 tuae

184 1651 313 1737 parui.”
346 1651 378 1716 in
401 1651 516 1718 Pison.
539 1650 597 1725 25,
623 1649 676 1715 61.

273 1744 450 1831 „Senatum
480 1748 519 1809 ad
548 1765 701 1810 summam
733 1765 800 1809 rem
837 1743 998 1828 publicam
1030 1744 1190 1828 pertinere
1220 1743 1386 1823 arbitrari,
1422 1766 1439 1810 a
1471 1745 1519 1811 D.

172 1842 291 1929 'ljeuto
310 1851 342 1904 et
365 1844 405 1906 ab
433 1841 477 1904 Ι..
502 1841 626 1906 Planco
650 1838 917 1921 imperatoribus,
949 1840 1134 1904 consulibus
1156 1839 1347 1926 designatis,
1377 1840 1518 1923 itemque

185 1935 362 2009 asceteria,
387 1935 441 2021 qui
464 1935 649 2017 prouincias
673 1934 837 2007 obtinent,
868 1933 1006 1999 obtineri
1033 1957 1074 1998 ex
1103 1935 1174 2020 lege
1203 1936 1311 2009 Iulia,
1344 1937 1451 2019 quoad
1478 1955 1520 1997 ex

184 2042 312 2099 senatus
341 2031 491 2097 constuite
521 2030 636 2114 cuique
660 2051 770 2094 eorum
794 2051 974 2094 antecessum
998 2029 1073 2094 sit.'’
1119 2030 1262 2112 Philipp.
1288 2029 1355 2094 111.
1380 2030 1439 2104 15,
1464 2030 1517 2094 38.

273 2128 413 2209 „Adhuc
434 2136 579 2208 sumptus
603 2145 661 2191 nee
682 2126 712 2187 in
735 2146 784 2187 me
806 2136 860 2187 aut
878 2125 1005 2207 publice
1026 2136 1077 2188 aut
1102 2125 1252 2207 privatim
1275 2124 1386 2189 necin
1410 2145 1521 2209 quem·

185 2242 279 2309 quqm
302 2222 465 2289 comitum.
511 2220 598 2285 Nihil
624 2219 779 2302 accipitur
804 2219 877 2304 lege
900 2219 1009 2292 Iulia.
1033 2220 1108 2282 nihil
1131 2221 1172 2283 ab
1195 2222 1334 2302 hospite.
1380 2220 1521 2287 Persua-

185 2339 255 2397 sum
279 2329 328 2380 est
351 2315 497 2381 omnibus
523 2314 598 2379 meis
624 2313 826 2376 serviendum
851 2335 920 2376 esse
945 2314 1045 2378 famae
1073 2314 1193 2379 meae.''
1226 2308 1264 2378 ad
1294 2320 1363 2380 Au.
1389 2315 1434 2379 V.
1462 2315 1518 2391 tu,

186 2412 219 2487 2'.
242 2445 284 2459 -
316 2411 512 2484 „Levantur
532 2407 663 2472 miserae
684 2408 849 2484 ciuitates,
874 2411 961 2493 qnod
982 2409 1084 2473 nullus
1104 2410 1141 2471 lit
1163 2422 1308 2492 sumptus
1330 2411 1360 2473 in
1381 2430 1442 2476 nos
1462 2430 1518 2472 ue·

185 2505 302 2590 quein
326 2505 451 2590 legatos
476 2525 576 2587 neque
597 2501 628 2566 in
652 2517 868 2586 quaestorem.
911 2503 999 2567 Scito
1024 2526 1087 2566 uon
1111 2507 1206 2568 modu
1232 2526 1289 2570 nos
1313 2506 1441 2568 loentum
1462 2514 1518 2567 aut

186 2602 273 2685 quud
302 2599 375 2684 lege
399 2597 492 2667 Iulia
514 2597 583 2662 dari
606 2600 689 2661 solet
716 2619 780 2662 non
809 2595 972 2679 accipere,
1006 2600 1063 2661 sed
1090 2620 1128 2662 ne
1159 2598 1241 2683 ligna
1271 2595 1432 2683 quidem.''
1476 2597 1515 2659 ad

185 2696 259 2761 Art.
283 2694 329 2757 V.
356 2693 412 2767 16,
437 2692 469 2756 3.
490 2727 529 2740 -
556 2690 671 2772 „Cave
695 2703 786 2773 putes
807 2691 979 2775 quidquam
999 2691 1144 2756 homiues
1167 2692 1264 2777 magis
1288 2714 1425 2775 uuquam
1444 2712 1515 2755 esse

185 2785 317 2867 miratos
333 2808 425 2873 quam
448 2787 566 2850 nullum
582 2785 757 2848 teruncium
779 2807 827 2848 me
846 2786 1007 2851 obtinente
1023 2785 1219 2868 provinciam
1234 2801 1378 2868 sumptus
1395 2786 1515 2850 lactum

186 2901 255 2946 esse
283 2901 342 2944 uec
364 2882 393 2943 iu
415 2902 482 2944 rem
506 2879 665 2962 publicam
690 2900 747 2942 nec
773 2878 803 2941 iu
831 2901 1020 2964 quemquam
1048 2902 1210 2954 meorum,
1236 2894 1460 2966 praeterquam
1484 2881 1515 2944 in

52 3034 55 3039 .
185 2974 231 3053 L.
255 2974 394 3037 Tullium
419 2975 570 3060 legatum.
615 2975 648 3039 Is
671 2973 838 3057 ceteroqui
861 2973 1039 3050 abstinent,
1064 2977 1118 3038 sed
1139 2977 1231 3041 Iulia
1254 2973 1326 3054 lege
1346 2977 1516 3040 transitaus

184 3069 280 3133 semel
302 3079 423 3131 tantum
447 3069 478 3132 iu
501 3069 602 3144 diem,
633 3089 715 3145 nou,
748 3079 782 3129 ut
808 3065 859 3129 alii
880 3069 1045 3144 solebant,
1080 3070 1225 3133 omnihus
1247 3069 1339 3145 vicis,
1361 3070 1457 3147 iacit,
1483 3080 1518 3135 ut

184 3158 262 3226 mihi
283 3164 506 3244 excipiendum
532 3163 588 3240 sit,
625 3184 694 3225 oiim
720 3161 895 3225 teruncium
927 3184 1012 3248 nego
1042 3177 1184 3245 siuinptus
1204 3162 1336 3227 sactum.
1381 3165 1518 3228 Praeter

186 3278 257 3321 etim
282 3256 404 3338 accepit
428 3255 556 3321 nemo.”
579 3261 618 3319 ad
643 3259 710 3322 An.
734 3257 779 3318 V.
804 3254 862 3331 21,
891 3258 923 3319 b.
946 3297 987 3309 --
1011 3258 1137 3330 „Mitto
1163 3279 1271 3322 aurum
1296 3259 1516 3329 coronarium.

149 3352 156 3373 ¹
186 3351 274 3436 qttod
300 3360 333 3414 te
359 3349 533 3414 diutissime
556 3351 667 3424 torsit,
704 3372 774 3412 cum
802 3353 897 3414 modo
925 3352 1044 3427 velles,
1081 3355 1177 3416 modo
1200 3353 1319 3416 nollesz
1355 3352 1408 3415 lex
1435 3352 1515 3416 euim

186 3443 298 3530 generi
321 3444 366 3508 tui
386 3459 418 3508 et
440 3445 568 3508 decerni
590 3456 620 3507 et
643 3445 790 3526 accipere
815 3448 943 3508 vetabat
960 3446 1021 3509 nisi
1044 3449 1172 3512 decreto
1195 3447 1368 3528 triumphu.
1413 3447 1517 3511 Mitto

185 3538 359 3623 diplomata
382 3552 448 3605 tota
472 3539 505 3603 in
527 3538 693 3622 provincia
721 3538 837 3621 passim
865 3542 956 3613 data;
981 3541 1070 3605 mitto
1093 3563 1253 3605 numerum
1281 3542 1406 3605 navium
1430 3564 1516 3605 sum·

185 3653 331 3717 mamque
355 3635 510 3716 praedae3
546 3633 637 3698 mitto
667 3634 823 3697 rationem
852 3635 956 3697 exacti
985 3636 1194 3720 imperatique
1220 3635 1388 3711 frumenti;
1425 3637 1516 3700 mitto

161 3758 165 3765 ·
186 3738 328 3813 ereptam
353 3728 531 3793 libertatem
552 3728 681 3813 populis
702 3750 738 3790 ac
757 3726 908 3813 siugulis,
933 3729 1096 3814 quierant
1117 3730 1223 3795 allecti
1243 3729 1391 3813 praemiis
1411 3728 1516 3797 nomi·

186 3822 302 3887 uatima
325 3844 462 3910 quorum
480 3822 555 3887 nihil
579 3835 645 3898 est,
671 3824 758 3907 quod
781 3843 844 3886 nou
867 3823 908 3885 sit
931 3824 1002 3908 lege
1022 3825 1130 3902 Iulio,
1155 3846 1194 3888 ne
1216 3824 1286 3889 fieri
1309 3826 1419 3904 liceat,
1443 3846 1516 3891 sau-

187 3914 283 3982 citnm
307 3916 511 4003 diligenter.''
556 3915 586 3980 in
609 3918 721 3983 Pisuu.
746 3916 804 3992 37,
829 3917 882 3980 90.

186 4123 231 4188 po
272 4011 424 4169 ,fidutistit
438 4010 550 4169 Ξιιιιιᾶί
566 4011 729 4169 pesctpp’ips,¹
742 4022 783 4166 'pp
802 4010 859 4168 tielpi
872 4013 923 4167 cde
937 4012 1086 4170 peepniis
1112 4012 1247 4121 creditis·
1265 4013 1316 4171 ips
1339 4013 1518 4190 ipolibgros

233 4128 327 4189 piros
349 4128 444 4171 conr
489 4128 562 4170 sena
580 4128 598 4169 u
730 4128 738 4166 ι
893 4128 984 4169 onra
1021 4131 1109 4172 rem
1162 4130 1247 4174 eneri
1287 4129 1316 4171 ιιι
1391 4154 1401 4172 .
1459 4133 1521 4175 ae·

187 4200 293 4280 soria)
316 4200 422 4265 dicere
447 4199 593 4266 liceret.’'
627 4201 666 4262 de
689 4199 838 4281 provinc.
862 4222 952 4264 cons.
977 4203 1015 4279 d,
1039 4131 1073 4266 i.
1095 4130 1363 4285 -g‚,0btinuisti
1382 4207 1520 4288 provin·

187 4290 265 4355 ciam
296 4295 496 4359 consularem
522 4292 777 4375 (Macedoniam)
805 4291 921 4357 finibus
951 4293 1006 4370 iis,
1041 4317 1124 4380 quos
1146 4297 1197 4359 lex
1219 4297 1402 4379 cupiditatis
1423 4312 1518 4378 tuae,

187 4406 252 4452 uon
275 4409 357 4472 quos
379 4389 431 4454 lex
455 4386 568 4477 generi
587 4386 633 4452 tui
647 4389 826 4473 pepigerat.
872 4389 953 4452 Nam
971 4388 1042 4474 lege
1061 4391 1223 4455 Caesarie
1237 4391 1407 4457 iustissima
1424 4407 1520 4479 atque

188 4476 308 4562 optima
332 4482 445 4565 populi
473 4483 566 4548 liberi
587 4483 679 4566 plane
707 4495 737 4546 et
763 4504 840 4548 vere
863 4495 953 4547 erant
980 4483 1092 4547 liberi:
1123 4485 1194 4570 lege
1216 4499 1318 4549 autem
1343 4508 1399 4562 ea,
1424 4510 1520 4573 quam

187 4593 282 4640 nemo
297 4574 402 4661 legem
416 4590 546 4659 praeter
561 4590 591 4641 te
608 4589 639 4642 et
654 4578 812 4664 collegam
832 4589 920 4640 tuum
935 4576 1080 4660 putauit,
1105 4581 1206 4644 omnis
1225 4592 1292 4644 erat
1308 4581 1367 4646 tibi
1383 4584 1519 4661 Achaia,

187 4662 375 4829 {puppim
398 4671 566 4747 Athenae,
590 4684 702 4737 cuncta
724 4674 861 4741 Graecia
884 4670 1040 4738 addicta.’³
1073 4672 1102 4737 in
1127 4674 1241 4740 Pison.
1266 4678 1324 4755 16,
1349 4677 1405 4741 at.
1429 4678 1519 4745 conf.

240 4802 251 4838 ,
317 4803 328 4827 .
