3202 5318
564 318 1018 422 onisco-Laetum(
1417 359 1458 424 ss

135 492 167 559 id
198 506 266 571 est,
302 494 576 579 providentiam.'’
627 497 666 558 de
688 497 763 561 Nat.
784 497 889 561 Deor.
917 497 965 561 II.
990 498 1048 575 29,
1085 498 1138 561 73.
1188 497 1288 564 ConI.
1311 502 1349 563 de
1378 501 1458 564 Nat.

132 589 241 655 Deor.
267 591 318 654 Π.
342 591 400 667 64,
425 590 500 653 160.
1581 576 1593 590 ”

220 686 501 771 Προοικονομεῑν,
532 697 770 768 praestruere,
797 686 1016 770 praemoliri.
1066 684 1156 762 „Hic
1183 689 1459 774 προῳνονομησά-

132 807 197 862 μην
223 780 374 861 quiddam
405 783 562 865 εὐκαίρως
586 782 625 842 de
651 778 708 854 iis,
745 779 882 863 quaein
911 781 1046 843 Sestium
1071 784 1307 864 apparabantur
1327 782 1458 845 crimina

133 883 165 934 et
191 895 263 936 eum
295 873 409 938 ornavi
438 873 525 937 veris
545 873 713 948 laudibus,
749 895 866 958 magno
894 895 1024 937 assensu
1054 873 1237 939 omnium.’'
1286 878 1325 938 ad
1348 878 1391 957 Q.
1414 876 1458 940 lr.

134 967 183 1031 ll.
208 969 248 1043 3,
274 969 307 1030 6.
353 966 452 1034 Conl.
477 968 607 1032 Victor.
631 970 732 1030 Varr.
757 970 864 1030 Lectt.
889 967 947 1043 35,
974 969 1005 1029 4.

220 1065 427 1149 Προοίμιον,
450 1062 674 1145 principium.
726 1062 966 1134 „Exordiorum
995 1063 1059 1125 duo
1080 1074 1152 1125 sunt
1176 1083 1313 1145 genera,
1344 1061 1462 1144 princi·

133 1153 242 1240 pium,
276 1159 365 1239 quod
392 1160 518 1221 Graece
539 1167 713 1244 προοίμιον
735 1156 930 1238 appellatur,
963 1165 995 1218 et
1017 1154 1203 1230 insinuatio,
1237 1178 1318 1242 quae
1339 1157 1460 1238 ἔφοδος

135 1249 331 1315 nominatur.
386 1250 584 1334 Principium
609 1263 673 1326 est,
705 1272 774 1313 cum
802 1250 905 1312 statim
934 1250 1086 1312 auditoris
1114 1250 1249 1313 animum
1272 1250 1365 1314 nobis
1390 1251 1460 1315 ido·

137 1363 232 1407 neum
253 1342 414 1408 reddimus
433 1346 473 1407 ad
495 1344 727 1408 audiendum.”
772 1345 812 1406 ad
837 1344 982 1406 Herenn.
1007 1344 1036 1406 l.
1062 1345 1098 1420 4,
1122 1344 1155 1407 6.
1378 1365 1381 1368 ⁴

220 1439 460 1527 Πρόπλασμα,
501 1439 693 1522 periculum
728 1438 929 1510 elaborandi
960 1438 1094 1527 operis,
1126 1439 1224 1502 rudis
1253 1437 1461 1531 informatio

134 1532 251 1618 operis
258 1557 271 1606 ‚·
291 1533 481 1617 specimen,
509 1555 648 1618 expuo
671 1533 712 1595 de
735 1544 808 1595 toto
831 1554 951 1614 opere,
973 1535 1073 1617 quale
1079 1530 1258 1621 futurum
1279 1533 1345 1610 sit,
1369 1534 1462 1596 indi.

133 1629 208 1692 ean·
226 1637 355 1712 potest.
400 1627 499 1690 Hirtii
522 1627 655 1709 epistola
680 1627 780 1707 „mihi
804 1626 893 1711 quasi
919 1626 1124 1712 andainense
1147 1629 1273 1689 videtur
1293 1627 1358 1691 eius
1378 1629 1462 1691 vitu-

133 1722 329 1806 perationis,
366 1742 458 1806 qnam
486 1720 608 1786 Caesar
632 1721 760 1803 scripsit
787 1723 824 1782 de
852 1720 1019 1786 Catonc.”
1064 1724 1103 1783 ad
1133 1723 1203 1785 Att.
1228 1721 1312 1785 XII.
1335 1723 1393 1798 41,
1427 1725 1459 1786 4.

134 1819 203 1882 Nos
239 1816 375 1879 dicimus
402 1817 458 1879 ein
492 1817 637 1882 Modell.
689 1821 850 1880 Formam
879 1815 986 1898 operis
1015 1814 1091 1877 dicit
1116 1814 1234 1880 Cicero
1260 1814 1293 1878 in
1322 1835 1398 1900 epp.
1420 1819 1460 1879 ad

134 1913 226 1975 Fam.
252 1910 322 1994 [II.
344 1911 399 1991 8.]
426 1897 594 1993 'Inprimis
616 1909 842 1973 statuariorum
864 1911 1032 1991 proprium
1055 1921 1116 1973 est.
1162 1912 1247 1973 Ean.

217 2007 455 2090 Προπύλαιον,
483 2006 698 2068 vestibulum.
751 2003 885 2086 „Audio
916 2005 1056 2086 Appium
1079 2006 1283 2092 προπύλαιον
1308 2006 1483 2071 Eleusine.

133 2101 284 2164 lacere.'’
330 2102 371 2162 ad
393 2102 463 2162 Att.
487 2100 554 2162 vt.
580 2103 618 2173 1,
646 2100 698 2161 96.

218 2197 422 2280 Πρόπνλον,
452 2193 666 2256 nestibulum.
720 2195 805 2273 „Me
828 2205 931 2256 tamen
953 2197 992 2258 de
1014 2192 1207 2259 Academiae
1236 2198 1391 2286 προπύλῳ
1413 2198 1462 2261 iu-

134 2292 188 2354 bes
218 2289 391 2374 cogitare,
426 2309 495 2350 cnm
522 2288 583 2350 iam
615 2289 740 2371 Appius
767 2292 805 2350 de
834 2288 985 2352 Eleusine
1016 2311 1079 2353 non
1108 2290 1269 2373 cogitur
1319 2301 1358 2360 ad
1387 2300 1477 2365 Ast..

133 2385 196 2448 vl.
222 2386 266 2458 6,
290 2384 325 2448 2.

216 2477 600 2565 Προσανατρερόμενος,
627 2491 819 2552 recreatus,
844 2478 978 2560 proprie
1005 2482 1043 2541 de
1066 2501 1124 2556 co,
1149 2483 1204 2567 qui
1225 2497 1300 2567 post
1315 2487 1460 2550 morbum

134 2594 254 2658 corpus
280 2571 409 2655 recipit.
456 2574 610 2654 „Appius
632 2593 702 2634 cum
726 2576 759 2650 ἐξ
776 2575 984 2657 ἀφαιρέσεως
1009 2575 1205 2656 provinciam
1229 2579 1366 2654 curarit,
1390 2601 1462 2642 san·

135 2664 263 2751 guinem
287 2665 428 2742 miserit,
464 2666 615 2751 quidquid
638 2665 744 2747 potuit
766 2668 961 2742 detraxerit,
999 2668 1075 2730 mihi
1100 2671 1267 2734 tradiderit
1296 2685 1457 2749 enectam,

134 2774 494 2852 προσανατρεφομένην
520 2782 588 2823 eam
619 2783 635 2823 a
661 2784 711 2825 me
737 2783 799 2825 uon
826 2760 964 2824 libenter
995 2763 1120 2826 videt.”
1171 2767 1209 2827 ad
1237 2768 1309 2830 Att.
1332 2767 1397 2833 VI.
1421 2772 1457 2844 1,

134 2858 163 2922 i.
204 2857 289 2920 Vid.
312 2859 371 2935 Ἐξ
390 2859 606 2942 ἀφαιρέσεως.

216 2953 362 3037 Πρόσθε
394 2958 487 3024 λέων,
523 2951 638 3015 ὄπιθεν
665 2957 701 3016 δι’
729 2986 769 2996 -
798 2953 842 3013 alr
874 2952 1048 3015 anteriore
1073 2966 1176 3035 parte
1205 2958 1276 3029 leo,
1310 2976 1333 3015 α
1360 2965 1460 3037 tergo

132 3068 213 3112 nero
237 3081 273 3092 -
314 3045 435 3126 ,erod
460 3047 497 3106 de
520 3044 629 3124 Quinti
653 3045 762 3108 fratris
785 3046 921 3126 epistola
946 3046 1079 3121 scribis,
1113 3051 1150 3108 ad
1179 3071 1227 3109 me
1251 3069 1380 3132 qttoque
1401 3049 1460 3111 suit

136 3133 275 3218 Πρόσθε
299 3137 393 3202 λέων,
422 3129 537 3195 ὄπιθεν
557 3135 593 3194 δέ
615 3161 656 3171 -
686 3131 878 3213 quistinam
904 3131 1049 3194 nescio.’'
1100 3136 1137 3193 ad
1164 3135 1237 3196 nu.
1262 3135 1310 3196 11.
1336 3136 1394 3207 16,
1427 3137 1458 3195 4.

136 3225 333 3290 Homericus
354 3245 468 3287 versus
491 3223 616 3305 integer
638 3223 684 3285 sic
703 3225 816 3286 habet:
847 3226 970 3309 πρόσθε
999 3233 1091 3301 λέων,
1123 3227 1237 3292 ὄπιθεν
1259 3233 1293 3292 δὲ
1315 3228 1458 3312 δράκων,

135 3334 237 3399 μέσση
268 3325 303 3385 δὲ·
324 3331 485 3403 χίμαιρα,
508 3330 588 3379 arete
603 3321 676 3391 leo,
700 3339 723 3378 α
744 3329 910 3403 tergoque
932 3320 1057 3394 draeo,
1083 3321 1195 3384 medio
1216 3323 1293 3406 ipsa
1315 3327 1457 3407 capella.

137 3411 325 3475 Chimaerae
349 3411 522 3492 descriptio
545 3432 586 3474 ex
609 3412 702 3474 Iliad.
726 3424 759 3489 ζ,
786 3413 857 3474 181.

217 3509 316 3590 Πρός
344 3505 417 3570 ἴσον
445 3509 644 3588 όμοιονιμιε,
681 3506 923 3589 adaequalem
947 3508 1171 3592 similemque.
1218 3512 1314 3590 „Nec
1335 3513 1459 3574 meher-

138 3604 202 3664 cule
237 3601 352 3682 scripsi
379 3601 471 3663 aliter
499 3622 536 3662 ae
565 3599 591 3661 si
622 3600 703 3684 πρός
737 3606 811 3664 ἴσον
842 3602 1022 3686 &potorque
1057 3603 1271 3665 scriberem.’'
1324 3609 1362 3667 ad
1384 3608 1455 3669 Au.

138 3696 238 3760 xllt.
262 3698 322 3770 51,
350 3698 380 3757 1.

218 3790 439 3874 Πρόσληψις,
464 3789 669 3871 assatmptiO.
716 3790 803 3868 „Sed
832 3791 938 3850 demus
964 3788 1020 3849 tibi
1047 3789 1120 3850 istas
1149 3784 1228 3853 ditas*
1247 3792 1457 3874 sumptiones,

140 3902 186 3960 ea,
212 3905 297 3967 quae
320 3884 473 3967 λήμματα
492 3883 654 3963 appellant
676 3881 847 3954 dialectici3
872 3886 926 3944 sed
951 3904 1008 3945 nos
1035 3884 1150 3946 Latine
1171 3885 1259 3968 loqui
1286 3885 1458 3948 malumus:

140 3977 313 4059 assumptio
337 3989 459 4050 tamen,
496 3999 589 4058 quam
617 3978 808 4062 πρόσληψιν
837 3976 929 4039 iidem
954 3989 1088 4052 vocant,
1120 3999 1182 4041 non
1207 3978 1344 4040 dabitur.
1357 3976 1376 4000 ''
1420 3981 1458 4040 dc

139 4071 246 4135 Dirin.
272 4071 322 4134 Il.
346 4071 405 4144 53,
432 4073 505 4132 108.

218 4167 451 4251 Πρόσνενσις,
478 4187 651 4229 assensus.
698 4166 785 4239 „Hic
807 4187 936 4250 qtroque
960 4168 1157 4249 πρόσνευσιν
1182 4165 1345 4231 sustulisti.
1359 4165 1376 4192 ''
1422 4172 1459 4231 ad
1503 4216 1506 4220 ›

140 4261 203 4324 λιι.
229 4264 278 4323 V.
307 4263 344 4333 t,
370 4261 401 4322 t.

216 4355 454 4443 Προσπιὶσχω.
482 4355 560 4417 Vld.
587 4360 643 4437 Τῷ
667 4360 765 4437 καλῷ.

218 4450 313 4537 ΙΙρὸς
337 4453 427 4514 ταῦθ’
451 4450 515 4515 ὅτι
533 4451 596 4535 χρή
613 4461 668 4515 καλ
691 4451 935 4533 παλαμάσθων,
961 4453 1034 4513 Καὶ
1054 4454 1120 4513 πιῖν
1144 4452 1191 4513 ἐπ’
1208 4461 1281 4532 ἐμοὶ
1304 4467 1459 4518 τεκιαινί-

87 4603 89 4633 Ι
142 4552 230 4611 sior·
267 4544 319 4609 Τό
347 4544 412 4626 γὰρ
436 4541 473 4609 εὖ
493 4547 560 4626 μετ’
588 4549 678 4627 ἐμοῦ.
724 4545 899 4608 Adversus
923 4545 1007 4617 hoc,
1041 4543 1133 4626 priori
1154 4555 1289 4624 oportet
1310 4558 1341 4606 et
1365 4546 1459 4610 decet

87 4647 89 4707 ζ
134 4637 274 4723 secere,
309 4650 344 4700 et
367 4640 606 4701 machinentur
628 4651 661 4701 et
683 4650 821 4701 struant
850 4638 983 4720 quidvis
1008 4637 1042 4697 in
1068 4657 1137 4697 me:
1166 4637 1299 4701 iustitia
1323 4641 1414 4703 enim
1436 4664 1459 4704 α

143 4753 184 4795 me
211 4745 293 4797 stat.
347 4734 386 4793 ad
413 4733 485 4795 Ars.
510 4732 611 4795 VIII.
636 4735 673 4808 8,
706 4732 737 4793 2.
794 4733 906 4793 Verba
929 4740 1002 4791 sunt
1025 4729 1250 4811 Aristophanis
1272 4735 1458 4796 Acharneu-

87 4841 89 4852 ·
143 4827 220 4891 sibus
247 4849 279 4889 v.
307 4827 386 4890 659.
417 4828 473 4890 sed
501 4827 641 4909 paullum
667 4837 799 4902 mutata,
833 4827 922 4909 quod
942 4835 1044 4886 tamen
1069 4836 1165 4910 negat
1190 4826 1373 4904 Victorius,
1404 4829 1457 4911 qui
