3202 5318
702 298 855 417 tuonx
874 248 1057 371 nanum.

583 445 717 511 Tonans
737 444 916 511 delibaris
937 444 1181 543 legationibus.

302 622 320 655 „
330 569 414 637 lllnd
429 576 582 657 aperturu-
596 566 764 651 prolecto,
789 567 865 633 nihil
884 588 953 633 esse
968 567 1114 651 turpius,
1138 589 1231 652 quam
1246 568 1424 652 qurempiam
1446 570 1547 657 legari

216 664 279 731 nisi
304 663 353 729 rei
385 658 534 747 publicae
555 682 662 727 carisa.
704 661 846 739 Omitto,
879 664 1139 749 quemadmodum
1169 661 1222 726 isti
1244 684 1278 727 se
1305 677 1420 748 gerant
1452 680 1548 751 atque

217 758 392 846 gesserint,
405 816 412 833 ,.
425 756 482 843 qni
499 757 661 843 legatione
685 758 877 823 hereditates
904 769 958 821 aut
979 758 1181 840 syngraphas
1199 778 1272 821 snas
1293 770 1546 844 persequuntur.

216 852 257 919 ln
286 850 467 917 boninibns
497 862 546 915 est
575 852 638 916 boc
666 852 807 923 sortasse¹
833 850 956 915 vitium.
1002 852 1066 915 Sed
1093 871 1233 936 qrraero,
1268 851 1344 936 quid
1371 873 1486 937 reapse
1507 856 1548 919 sit

217 944 362 1033 tneplaa,
394 966 489 1032 quarn
514 946 583 1011 sine
605 945 835 1029 procuratione
857 957 987 1010 senator
1010 945 1153 1029 legatus,
1185 945 1252 1010 sine
1278 946 1447 1023 mandatis,
1478 946 1547 1013 sine

216 1040 284 1119 nilo
312 1039 363 1104 rei
391 1040 538 1122 publicae
565 1039 719 1105 munere?
753 1040 850 1121 erod
871 1038 997 1122 qrridem
1023 1060 1123 1123 genus
1152 1038 1322 1125 legationis
1345 1063 1411 1127 ego
1434 1042 1545 1107 consul

215 1136 262 1217 (a.
285 1134 320 1199 n.
343 1132 448 1213 000),
472 1156 661 1221 qrranrqnam
683 1138 722 1198 ad
744 1136 945 1199 commodum
969 1143 1096 1196 senatus
1118 1133 1278 1217 pertinere
1303 1135 1465 1212 videatur,
1499 1147 1545 1200 ta-

216 1250 289 1297 nte!
316 1230 517 1315 approbante
540 1242 650 1296 senatu
678 1226 954 1314 frequentissimo,
989 1227 1048 1291 nisi
1078 1228 1152 1290 mihi
1173 1227 1253 1291 levis
1275 1228 1421 1293 tribunus
1443 1230 1543 1313 plebis

216 1320 554 1400 rnn··irtrremstust‚
578 1323 786 1387 sustulissem.
830 1322 950 1388 Minui
972 1332 1076 1384 tamen
1098 1331 1251 1405 tempus,
1284 1333 1332 1399 et,
1366 1327 1456 1407 qrrod
1478 1334 1543 1388 erat

215 1416 372 1491 infinitum
396 1438 550 1482 ιιιιιιιιιιιιι
559 1415 661 1510 seri.
685 1418 727 1483 ita
749 1416 914 1499 turpitudo
941 1427 1061 1490 manet,
1085 1416 1290 1480 diuturnitate
1312 1418 1475 1482 sublata.”
1506 1420 1542 1482 de

217 1502 326 1597 Legg.
349 1508 476 1589 111.8,
503 1511 556 1576 18.
600 1509 702 1576 conf.
725 1512 824 1577 Iunia
846 1510 888 1574 de
910 1509 1026 1574 liberie
1047 1510 1289 1595 legationibus.

785 1662 965 1726 Venturae:

217 1784 258 1851 P.
279 1783 474 1867 Poplicolae
496 1783 635 1848 consulis
657 1806 688 1848 a.
712 1807 745 1848 u.
769 1804 799 1847 c.
823 1784 898 1848 tte.

302 1877 427 1953 ,Latae
456 1878 570 1942 deinde
599 1879 689 1963 leges
717 1898 782 1943 non
811 1878 914 1943 solum
946 1898 1027 1961 quae
1054 1876 1149 1962 regni
1173 1876 1356 1961 suspicione
1384 1878 1544 1944 consulem

217 1969 442 2049 absolverent,
466 1974 523 2036 sed
543 1994 623 2057 qrrae
642 1974 723 2037 adeo
748 1972 781 2035 in
799 1972 994 2037 contrarium
1011 1983 1173 2037 uerterent
1195 1983 1229 2036 ut
1246 1975 1437 2057 popularem
1453 1975 1544 2039 etiam

216 2062 377 2129 [amnt.
399 2065 475 2128 inde
495 2085 677 2149 cognomen
698 2064 815 2129 luctum
838 2067 1026 2131 Publicolae
1048 2078 1114 2130 cst.
1138 2079 1210 2130 aute
1232 2087 1341 2133 omncs
1363 2070 1402 2132 de
1424 2088 1547 2152 provo-

217 2156 344 2237 catione
358 2159 512 2223 adversus
528 2160 733 2245 magistratus
754 2161 794 2223 ad
814 2161 986 2244 populum,
1011 2163 1230 2247 sacrandoque
1245 2182 1315 2225 curn
1331 2161 1426 2227 bonis
1444 2163 1545 2246 capite

219 2251 288 2319 eine
309 2252 365 2337 qui
386 2252 478 2339 regni
501 2253 678 2337 occupandi
701 2252 831 2319 consilia
853 2253 982 2333 inisset,
1008 2266 1118 2341 gratae
1139 2254 1170 2319 in
1189 2256 1304 2342 volgus
1319 2256 1408 2343 leges
1421 2256 1525 2323 inere.
1527 2256 1546 2288 '’

216 2347 296 2416 Lir.
317 2347 365 2414 ll.
385 2349 420 2414 8.

303 2436 440 2529 Νόμους
459 2437 807 2603 φιλανθρρνιοτάτους
828 2442 930 2510 ἔθετο
952 2438 985 2522 (ὁ
1011 2439 1252 2556 Οὐαλέριος)
1272 2446 1477 2529 flandriae*
1458 2470 1545 2535 ιχον-

218 2558 281 2651 epc
300 2543 371 2615 τοῖς
392 2540 635 2623 trpornotw
616 2544 767 2625 εναμὴν
789 2539 823 2603 ἐν
842 2564 868 2629 ῳ
856 2527 1108 2649 ὃιαρῥὴὃην’
1088 2546 1237 2619 cruciarer,
1256 2536 1405 2649 ἄρχοντα
1424 2544 1547 2626 μηδένα

220 2620 305 2699 εἶναι
323 2624 546 2718 Popoiwnff
534 2626 573 2711 o'c
591 2629 633 2699 ἂν
656 2629 702 2718 μὴ
727 2626 820 2717 nopai
843 2631 903 2697 τοῦ
924 2624 1031 2715 dripou
1053 2627 1139 2724 λάβῃ
1164 2628 1222 2713 τὴν
1244 2626 1366 2720 ἀρχὴν,
1394 2630 1546 2702 θάνατον

218 2724 349 2801 ἐπιθεὶς
370 2723 548 2811 ζηιὶἱανΓ
525 2751 567 2794 αι
588 2752 666 2805 τις
657 2724 751 2815 παρὰ
776 2750 881 2792 ταυτα
900 2726 995 2819 mori,
1018 2727 1149 2794 καὶτὸν
1169 2722 1408 2795 &eoncessum
1424 2724 1548 2795 τούτων

218 2814 295 2885 τινὰ
315 2821 418 2886 ποιῶν
440 2814 571 2887 siderion·
600 2824 710 2933 ἕτερον
734 2823 786 2901 te,
814 2821 847 2887 ἐν
867 2811 893 2913 ᾧ
915 2832 1163 2939 ys'ypanrnr3„
1173 2818 1249 2889 Ἐάν
1270 2845 1320 2900 τις
1340 2818 1450 2911 ἅρχων
1468 2817 1547 2890 Pn-

218 2912 324 2997 puina
338 2911 412 2980 τινὰ
429 2910 631 2982 ἀποκτείνειν
646 2914 666 2996 ι’)
684 2937 788 3002 μασι
775 2943 809 3004 y
776 2940 869 2982 our
885 2911 906 2997 ἢ
926 2919 1061 2999 ζημιοῦν
1077 2914 1123 2996 εἰς
1136 2912 1292 3025 χρήματα
1308 2919 1410 3010 θέλῃ,
1433 2917 1547 2998 ἐξεῖναι

219 3005 265 3095 τῷ
284 3000 400 3119 ἰδιωτῃ
423 3012 671 3096 προκαλεῖσθαι
694 3006 752 3090 τὴν
771 3005 925 3120 ἀρχὴν
901 3012 950 3076 ἐπὶ
973 3034 1031 3090 την
1013 3013 1113 3079 uror]
1134 3008 1240 3098 δήμου
1261 3013 1385 3098 κρίσιν,
1413 3008 1548 3122 πάσχειν

219 3098 290 3165 d''
274 3123 307 3164 ιν
329 3123 375 3191 τῳ
359 3078 509 3186 μεταξι)
521 3098 652 3194 χρόνῳ
648 3105 729 3183 nudi
715 3099 827 3170 ὲνὺιιὸ
843 3106 900 3184 τῆς
921 3101 1039 3193 ἀρχῆς,
1061 3108 1120 3183 ἕως
1136 3103 1176 3171 ἂν
1194 3100 1212 3170 ὁ
1232 3106 1335 3188 ὁιιιιος
1347 3099 1429 3195 νπὲρ
1445 3103 1548 3172 αὐτοῦ

219 3193 443 3283 pupianum?
487 3195 627 3277 Dionys.
648 3196 755 3261 Halic.
779 3198 890 3284 Antiq.
913 3200 1011 3264 Rom.
1035 3201 1082 3265 V.
1107 3201 1160 3266 19.
1184 3198 1229 3263 cf.
1253 3201 1299 3263 V.
1326 3202 1379 3263 70.

388 3336 546 3400 Veneris
568 3337 610 3401 de
630 3340 887 3422 prouocatione.

303 3456 416 3539 „Idem
439 3459 496 3539 (P.
523 3460 716 3542 Valerius),
754 3461 785 3524 in
814 3484 879 3545 quo
905 3461 967 3526 tuit
994 3460 1164 3544 Poplicola
1195 3461 1345 3539 maxime,
1383 3463 1486 3549 legem
1508 3467 1546 3529 ad

219 3551 373 3635 populum
401 3550 473 3615 tulit
501 3572 589 3629 earu,
624 3575 704 3638 quae
731 3554 914 3620 centuriatis
943 3556 1078 3621 comitiis
1100 3555 1202 3638 prima
1224 3554 1288 3621 lata
1311 3567 1378 3632 est,
1414 3570 1455 3623 ne
1475 3558 1545 3643 queis

218 3645 424 3731 magistratus
438 3646 541 3711 civem
558 3650 735 3714 Romanum
759 3652 912 3715 adversus
934 3649 1196 3733 provocationem
1219 3660 1348 3713 necaret
1370 3671 1453 3716 neue
1475 3672 1546 3717 rer·

219 3730 385 3815 lleraretst
418 3742 458 3804 de
480 3741 566 3825 Rep.
589 3742 639 3807 11.
663 3744 721 3821 31,
746 3745 800 3810 53.
834 3744 878 3808 cf.
902 3746 1016 3809 Valer.
1040 3745 1136 3808 Max.
1161 3742 1226 3807 lv.
1249 3745 1280 3806 1.

305 3833 408 3941 „Quo
436 3844 540 3898 tamen
570 3858 588 3901 e
621 3838 761 3921 collegio
792 3840 1073 3919 (decemvirorum)
1102 3838 1169 3900 laus
1200 3848 1248 3900 est
1276 3837 1328 3901 illa
1360 3838 1477 3903 eximia
1504 3838 1544 3907 C.

108 3946 112 3953 “
218 3886 322 4007 tuliis
342 3927 395 4012 qui
422 3927 584 3995 bominem
613 3932 752 3996 nobilem
781 3935 825 3999 L.
853 3934 1008 4009 Sestium,
1043 3931 1132 3996 ouius
1159 3931 1191 3994 in
1222 3930 1371 3997 cubiculo
1394 3934 1543 4000 ell'ossnn

219 4045 290 4089 ease
317 4044 351 4088 ae
377 4036 545 4106 praesente
568 4039 728 4103 mortuum
749 4027 887 4105 diceret,
919 4049 989 4091 cum
1014 4027 1081 4110 ipse
1103 4037 1292 4108 potestatem
1314 4048 1468 4093 summam
1489 4031 1546 4093 ba·

217 4118 325 4199 beret,
358 4121 447 4203 quod
468 4120 629 4185 decemvir
649 4121 716 4186 sine
737 4121 970 4205 provocatione
992 4133 1093 4195 esset,
1127 4123 1222 4183 vades
1250 4131 1353 4185 tamen
1375 4125 1544 4207 poposcit·

218 4214 307 4297 quod
335 4234 370 4277 se
399 4213 503 4298 legem
525 4213 609 4278 illam
632 4216 829 4299 praeclaram
853 4217 1074 4301 neglecturum
1095 4226 1246 4300 negaret,
1278 4237 1359 4298 quae
1381 4220 1421 4280 de
1443 4218 1546 4300 capite

219 4305 299 4370 ciris
323 4307 514 4372 Romani
482 4309 542 4373 nni
564 4311 699 4376 comitiis
721 4310 903 4377 centuriatis
924 4309 1019 4375 statui
1042 4308 1200 4373 uetaretl'
1238 4311 1278 4373 de
1300 4310 1387 4394 Rep.
1410 4312 1461 4377 ΙΙ.
1484 4314 1543 4392 db,

220 4398 274 4463 61.
310 4400 355 4464 cl.
377 4403 457 4469 Lir.
479 4392 547 4469 lll.
570 4405 623 4471 33.

306 4495 394 4567 ,'.M
413 4498 580 4591 Valerium
597 4500 784 4566 dictatorem
800 4492 915 4565 Volesi
929 4494 1029 4563 lilium
1045 4509 1168 4561 creant.
1191 4498 1302 4580 plebes
1317 4498 1376 4564 etsi
1390 4506 1545 4567 adversus

219 4598 419 4653 recreatum
444 4566 632 4658 dictatorem
658 4592 816 4669 videbant
839 4604 944 4658 tamen
969 4615 1038 4657 cum
1064 4594 1332 4674 provocationem
1357 4595 1468 4660 lratris
1490 4598 1545 4678 (Ρ.

222 4679 372 4761 Valerii)
393 4681 466 4767 lege
487 4684 638 4764 baberet,
661 4688 740 4753 nihil
757 4711 798 4754 ex
816 4711 853 4754 ea
868 4688 986 4755 familia
1003 4686 1095 4752 triete
1113 4706 1172 4751 nec
1186 4690 1359 4771 superbum
1379 4688 1544 4757 ιίιιιιΙιιι.υ

219 4770 299 4839 Irin.
321 4771 372 4841 11.
393 4776 448 4842 30.
491 4778 593 4848 Conl.
616 4784 806 4848 Sacranae.
