3202 5318
527 370 532 379 .
574 306 726 375 INDEX
747 309 931 378 LEGUM.
1352 317 1413 385 231

89 449 154 515 Sed
181 460 295 534 postca
322 452 379 514 M.
408 449 603 515 Plaetorius
630 449 903 534 tribunusplebis
931 454 1037 536 (quern
1063 453 1196 542 Pighius
1218 480 1302 528 anno
1323 487 1357 531 u.
1380 489 1412 533 c.

37 600 42 611 ,
84 544 181 620 332.,
205 565 272 626 quo
293 564 378 608 anno
401 556 550 626 praetura
571 543 712 609 instituta
735 554 801 621 est,
825 545 1028 631 assignavit),
1052 548 1163 613 scitum
1186 555 1273 633 tulit,
1297 558 1328 622 iu
1345 584 1411 647 quo

84 639 240 723 scriptum
264 648 333 702 esta
367 639 528 704 Peneion
554 660 696 701 unnauus
723 659 778 712 our
806 660 892 702 nuuc
922 663 983 704 cer
1005 663 1122 718 outone
1144 666 1225 710 rosr
1246 672 1312 715 uso
1334 677 1412 721 rtur

84 753 151 799 nuo
182 753 342 797 nicronns
372 752 457 795 erno
483 753 520 795 se
547 753 699 796 uenero.
728 754 822 806 unns
849 754 950 808 usone
974 759 1016 798 nn
1038 758 1217 804 suencuam
1239 764 1289 808 tus
1311 767 1411 815 turne

86 848 176 895 curre
197 830 350 892 nrcrro.”
394 824 592 891 Censorinus
614 829 654 888 de
675 825 726 890 die
749 826 844 890 natali
865 848 895 890 c.
919 829 972 892 24.

298 986 497 1050 Pnacronrs
519 984 561 1048 tie
582 983 901 1071 circumscriptione
924 989 1202 1058 adolescentium,

171 1109 265 1192 „Iste
279 1106 374 1171 dolus
389 1106 489 1169 malus
504 1117 537 1171 et
557 1105 680 1190 legibus
699 1120 768 1171 erat
785 1108 982 1187 vindicatus,
1007 1125 1040 1175 ιιι
1060 1116 1158 1178 tutela
1180 1118 1262 1186 XII.
1281 1127 1409 1206 tabulis.

81 1201 360 1285 circumscriptio
380 1199 648 1264 adolescentium
670 1203 741 1287 lege
763 1205 959 1281 Plaetoria.
984 1219 1015 1270 et
1037 1230 1103 1272 siue
1124 1211 1195 1296 lege
1219 1213 1357 1293 indiciis,
1380 1221 1412 1286 in
1520 1206 1527 1217 .

84 1299 202 1385 quibus
217 1295 343 1361 additur
362 1317 406 1356 ex
428 1316 504 1357 rinc
527 1294 647 1359 ιιοιιι.”
669 1298 707 1358 de
724 1297 818 1361 offic.
835 1298 902 1362 Ill.
927 1300 982 1377 15,
1007 1301 1060 1364 61.
1084 1337 1125 1351 -
1146 1306 1247 1376 „Inde
1262 1310 1411 1380 iudicium

84 1389 249 1477 publicum
273 1388 322 1451 rei
344 1387 490 1470 privatae
513 1388 585 1472 lege
606 1390 815 1454 Plaetoric.”
850 1394 889 1454 dc
913 1394 990 1456 Nat.
1014 1394 1117 1461 Deor.
1141 1399 1208 1464 Ill.
1230 1403 1286 1479 30,
1313 1409 1364 1479 71.

171 1485 224 1551 De
244 1485 306 1547 bac
328 1482 400 1567 lege
421 1482 608 1559 Ernestius,
632 1484 683 1545 cui
706 1486 872 1549 Laetorio
893 1489 1090 1566 nominatur,
1116 1493 1192 1556 baec
1214 1496 1326 1563 babet:

174 1581 352 1643 Lueroeu
375 1578 451 1658 (pro
473 1597 537 1659 qtto
558 1577 588 1639 in
618 1577 722 1640 multis
746 1580 838 1662 vulg.
862 1579 1030 1646 Ciceronis
1053 1584 1141 1648 libris
1165 1591 1243 1653 snale
1267 1605 1316 1655 est
1340 1598 1414 1661 Pla.

85 1676 216 1754 storin,
239 1666 417 1748 Lectorio,
442 1672 611 1746 Pictoris,
640 1673 764 1736 solenni
791 1673 996 1739 librariorum
1019 1680 1238 1756 aberratione3
1272 1709 1306 1749 v.
1328 1689 1415 1756 Dra.

84 1772 183 1835 kenb.
205 1769 246 1831 ad
268 1766 344 1830 Liv.
367 1767 540 1830 XXXIV.
557 1769 626 1846 45.)
647 1779 770 1831 contro
790 1769 1125 1854 circumscriptiones
1146 1776 1411 1851 adolescentum.

85 1863 174 1928 Vide
203 1861 383 1926 Manutiunt
405 1863 443 1922 ad
463 1860 654 1925 Ciceronem
675 1861 756 1926 locis
777 1862 900 1936 citatis,
925 1864 1108 1929 Salmasisun
1135 1872 1176 1932 ad
1200 1870 1427 1955 Capitolinum

84 1957 117 2021 in
139 1956 266 2022 Antou.
289 1976 320 2036 p.
343 1955 417 2018 330.
442 1967 473 2018 et
496 1957 669 2019 Gruterum
692 1956 820 2020 ibidem.
865 1958 914 2021 Ea
933 1959 1202 2040 rniuorcnnitatis,
1228 1980 1412 2051 invocant,

85 2050 159 2115 anni
189 2048 312 2113 definiti
345 2062 429 2112 suot.
475 2051 523 2113 Ea
553 2051 633 2111 enirn
666 2061 791 2112 cautum
823 2062 888 2125 est,
924 2073 966 2115 ne
994 2056 1107 2121 XXV.
1134 2059 1236 2121 annis
1264 2065 1416 2132 minam

84 2143 250 2230 stipulari
269 2155 427 2227 possent,
459 2155 591 2206 attctore
611 2144 768 2209 Suetonio
792 2144 849 2207 lib.
875 2145 939 2209 lv.
964 2148 1116 2212 Praetor.
1140 2172 1192 2232 ap.
1215 2155 1412 2224 Priscianusn
1448 2180 1451 2187 ·

84 2251 118 2303 et
145 2240 229 2302 inter
254 2238 432 2322 fragmenta
460 2237 624 2302 Suetonii:
660 2242 740 2301 stude
768 2239 1070 2324 quinouicennaria
1094 2244 1212 2307 Plauto
1243 2246 1357 2315 dicitur
1381 2254 1412 2320 in

84 2335 208 2399 Pseud.
229 2333 260 2398 I.
283 2333 322 2407 3,
347 2332 400 2396 09.
445 2333 515 2395 Hac
537 2331 609 2413 lege
632 2331 679 2394 rei
697 2332 840 2412 privatae
859 2333 1006 2396 iudiciuin
1027 2336 1187 2417 publicum
1213 2342 1329 2406 iactttsu
1352 2359 1411 2424 est,

85 2438 124 2491 ιιι
153 2425 274 2493 Cicero
305 2426 348 2490 ait
378 2428 417 2491 de
439 2427 517 2490 Nat.
539 2426 643 2490 Deor.
665 2426 732 2490 111.
756 2427 808 2490 30.
858 2427 930 2489 Alia
957 2426 1023 2489 eius
1048 2430 1150 2510 capita
1177 2433 1308 2521 collegit
1337 2441 1416 2504 Hei.

86 2522 216 2587 accius
239 2523 285 2584 H.
308 2521 338 2585 Ι.
364 2519 405 2585 C.
427 2542 462 2602 p.
485 2519 560 2594 84..
583 2519 615 2582 in
636 2542 700 2602 quio
716 2542 780 2584 nou
800 2519 923 2582 videtur
938 2521 1043 2583 locum
1058 2521 1088 2584 iu
1106 2521 1281 2606 Capitolini
1296 2533 1414 2602 Marco

86 2615 278 2700 inspexisse.
323 2615 404 2678 Nasu
432 2615 479 2676 V.
512 2612 564 2677 Cl.
594 2613 668 2675 dicit
691 2613 735 2676 ibi
757 2614 855 2690 tradi,
889 2614 1063 2679 minoribus
1090 2620 1286 2697 petentibus,
1322 2647 1413 2692 causa

87 2709 239 2795 cognita,
263 2711 356 2771 datos
370 2719 536 2771 curatores
552 2729 569 2770 e
585 2707 657 2792 lege
671 2709 744 2771 bac.
790 2707 991 2791 Capitolinus
1008 2709 1100 2773 dicit:
1124 2726 1304 2780 curatores
1314 2718 1416 2786 datos

86 2829 136 2870 ex
161 2815 369 2887 eapropter
390 2802 565 2865 lusciniam
588 2814 621 2865 et
643 2803 865 2875 dementium,
901 2804 1096 2868 Antoninum
1123 2818 1224 2870 auten.
1249 2813 1413 2893 statuisse,

87 2911 123 2963 ut
144 2899 293 2964 omuibus
312 2896 426 2959 adtritis
446 2907 612 2959 curatores
635 2898 803 2969 darentur,
828 2918 892 2960 uon
911 2898 1041 2960 redditis
1065 2900 1178 2966 caussis.
1223 2903 1284 2968 Sed
1299 2908 1414 2972 dudum

87 3005 159 3055 ante
186 2991 393 3056 Heineccium
416 3010 525 3069 sparsa
557 2990 635 3073 legis
665 2990 757 3052 buius
780 2991 882 3071 capita
908 2991 1043 3053 collecta
1066 3006 1138 3055 stunt
1164 3016 1181 3056 ι
1209 3000 1414 3069 ὓοιιιοιηᾱο

84 3089 126 3149 ad
147 3089 171 3150 l.
194 3086 226 3148 2.
249 3085 333 3150 Coti.
360 3083 531 3147 Theodos.
555 3084 595 3144 de
618 3085 737 3146 cinnat.
792 3085 881 3146 'l‘ulit
911 3088 966 3149 M.
998 3090 1181 3151 Laetorius
1209 3094 1414 3162 Plancianus

85 3181 233 3245 tribunus
256 3177 358 3260 plebis
381 3199 412 3239 a.
436 3199 468 3237 u.
493 3177 567 3239 490.
601 3176 705 3241 Conl.
728 3181 842 3241 doctos
873 3177 960 3241 viros
988 3181 1027 3240 ιιι
1050 3180 1123 3243 Gaii
1145 3182 1248 3249 instit.
1272 3187 1297 3252 I.
1320 3191 1351 3251 8.
1376 3194 1415 3254 dc

83 3275 318 3339 curationibus.

175 3371 265 3433 Haec
289 3366 477 3430 Ernestius:
511 3387 603 3450 quern
628 3367 758 3429 Beierus
788 3368 827 3428 ad
851 3364 1041 3431 Ciceronem
1073 3371 1111 3431 de
1135 3369 1256 3434 Officiis
1279 3396 1314 3456 p.
1339 3377 1412 3442 290.

84 3461 240 3529 relutavit
263 3462 321 3524 ita:

174 3558 274 3621 Bern.
298 3554 408 3616 scribit
429 3558 503 3636 iege
525 3555 708 3630 Laetoria,
734 3568 767 3618 ιιι
790 3556 893 3618 ethic
915 3557 1016 3637 volgo
1038 3556 1140 3621 editur
1166 3570 1198 3620 et
1219 3561 1306 3625 alibi.
1352 3565 1415 3627 Sed

87 3652 120 3715 in
144 3653 331 3735 quibusdam
363 3650 445 3715 lllss.
474 3649 590 3734 legitur
612 3651 764 3713 Pletoriu
788 3674 820 3711 v.
843 3652 1029 3724 Plectorio,
1061 3651 1090 3713 in
1118 3653 1158 3714 al.
1183 3655 1298 3717 diserte
1321 3658 1416 3719 Plue-

87 3747 195 3811 toria.
233 3743 513 3808 Commemoratur
535 3743 711 3807 Plaetorio
738 3766 824 3827 gens
849 3746 1024 3807 Romaest
1050 3744 1078 3807 iu
1103 3748 1209 3808 decern
1232 3750 1362 3811 nunonis
1384 3762 1416 3812 et

87 3841 120 3903 in
144 3839 376 3909 marmoribus,
401 3849 466 3899 ιιιιιι
492 3838 706 3911 Gruterisnis,
734 3851 797 3898 turn
822 3838 1066 3901 Illuratorianis.
1114 3842 1142 3901 A
1172 3843 1334 3904 Laetorio
1368 3843 1416 3906 di·

87 3935 307 4019 stingucndarn
338 3953 425 4004 esse,
460 3934 581 3993 abunde
614 3931 691 3993 disci
724 3943 830 4012 potest
862 3953 878 3993 e
906 3932 1015 4015 Pighii
1039 3933 1227 3994 Annalibus.
1275 3935 1414 3998 Librarii

86 4041 192 4092 sutem
215 4048 278 4110 pro
300 4047 356 4089 sun
376 4026 529 4107 sapientia
553 4025 625 4086 huic
648 4027 746 4099 iliani,
771 4039 927 4108 taanuanr
951 4048 967 4086 ι
992 4029 1102 4088 iaetus
1126 4027 1315 4100 derivatam,
1341 4035 1415 4092 sub·

85 4127 221 4186 stituere
243 4121 407 4184 solebant:
440 4123 522 4181 unde
544 4120 622 4180 baec
643 4119 766 4182 uomina
791 4119 922 4182 confuse
948 4119 1034 4181 vides
1054 4120 1084 4181 in
1112 4121 1185 4182 Liv.
1209 4120 1255 4182 ll.
1280 4122 1333 4183 27.
1358 4125 1413 4201 (cl.

85 4217 223 4280 Velcrio
247 4216 340 4278 Μιιι.
366 4213 429 4277 IX.
453 4234 484 4275 c.
508 4213 537 4276 3.
562 4235 593 4273 ιι.
618 4213 664 4287 0.)
694 4213 866 4275 XXXIV.
893 4214 950 4284 su,
977 4214 1006 4274 5.
1030 4225 1060 4273 ct
1084 4213 1112 4273 in
1137 4215 1231 4276 codd.
1259 4216 1355 4277 Hirtii
1378 4218 1416 4279 de

85 4312 172 4374 bellu
202 4308 360 4374 Africano
390 4331 421 4370 c.
450 4308 503 4371 98.
550 4307 587 4367 ld
617 4319 787 4388 propterca
818 4327 888 4368 cum
918 4306 1106 4369 Heindorlio
1134 4309 1172 4367 ad
1203 4309 1282 4370 Nat.
1312 4309 1416 4372 Deor.

86 4406 153 4470 ltl.
174 4406 233 4479 30,
256 4406 309 4466 ιι.
332 4401 431 4465 secuti
448 4421 554 4463 suiuus
570 4400 708 4462 tabulatu
725 4421 870 4472 sensato,
895 4398 1021 4481 quaein
1047 4400 1276 4463 Herculanensi
1293 4403 1413 4468 Museo

86 4509 287 4565 maratus:
321 4496 351 4558 in
381 4496 470 4559 citius
498 4515 584 4556 vers.
612 4494 681 4557 112.
706 4495 783 4555 baec
808 4494 859 4556 lex
885 4493 1063 4573 appellatur
1088 4495 1273 4558 Plaetoria.
1321 4498 1416 4562 Nulla

86 4591 284 4678 antiquitatis
308 4591 371 4654 ilde
395 4589 505 4652 nititur
530 4587 658 4651 Ernesti
687 4587 719 4649 in
744 4587 816 4650 lud.
842 4588 948 4670 chg.
973 4608 1006 4668 p.
1031 4587 1084 4648 27.
1121 4588 1262 4651 schusztt
1286 4592 1323 4651 ad
1348 4590 1414 4655 Ill.

88 4690 132 4753 Il.
155 4687 203 4753 D.
227 4686 282 4749 30.
305 4696 337 4747 et
357 4683 493 4768 Degeoii
517 4684 609 4745 adh.
635 4682 657 4744 l.
681 4681 808 4761 opinio.
833 4681 925 4742 latasn
951 4702 1019 4744 esse
1039 4702 1055 4742 ι
1080 4682 1131 4744 Μ.
1149 4683 1303 4746 Laetorio
1322 4685 1419 4747 Plan·

89 4782 181 4846 cim
210 4801 243 4844 ι.
273 4801 306 4843 ιι.
337 4778 411 4843 400.
455 4777 494 4841 Iu
517 4776 623 4841 Plauti
653 4775 721 4860 (qui
745 4774 776 4838 in
800 4776 904 4839 Bruto
935 4797 963 4838 c.
989 4776 1040 4839 15.
1065 4796 1094 4840 a.
1117 4797 1149 4840 ιι.
1173 4775 1246 4841 502.
1271 4789 1418 4843 mortuus
