3202 5318
581 323 732 392 snonx
755 324 936 394 secun.
1363 333 1425 398 ns
1452 278 1455 283 ¹

180 463 293 544 ,Quid
315 474 376 526 tarn
397 448 610 528 necessarium
634 466 847 531 existiinatnrn
861 469 1169 551 -estpropulsandae
1191 470 1307 537 civium
1331 474 1425 537 tuxsa-

90 555 159 621 riae
186 578 281 639 quam
311 559 363 620 lex
392 559 528 622 Licinia
554 573 585 622 et
614 563 746 661 Fannia
774 562 917 648 aliaeque
946 564 1018 627 itein
1048 564 1135 650 leges
1157 568 1421 650 sumptuarias?”

89 653 137 718 Aa
162 651 288 751 Gellius
310 653 392 717 XX.
419 656 455 729 1,
480 654 534 717 23.

263 812 397 878 Oncnni
418 814 652 897 sumptuaria.

175 933 308 1011 ,Prion
333 935 470 999 omnium
493 937 530 998 te
549 936 656 1000 coenis
680 937 732 1000 lex
755 939 794 1000 ad
817 938 972 1021 populum
989 940 1118 1005 Orchia
1139 944 1303 1024 pervenit,
1327 966 1419 1028 qum

87 1024 161 1091 tulit
182 1031 223 1095 0.
247 1029 396 1094 Orchins
417 1030 563 1093 tribunus
586 1030 688 1113 plebis
711 1035 749 1094 de
769 1045 896 1095 scnatns
918 1033 1073 1096 sententia
1097 1033 1192 1100 tertio
1221 1057 1305 1102 anno
1327 1060 1421 1123 qtrans

88 1119 177 1213 Cato
206 1142 324 1187 censor
352 1123 459 1187 isserat
493 1126 537 1202 (a.
570 1147 602 1188 u.
631 1145 662 1186 c.
692 1125 800 1202 5123:
836 1127 926 1189 cuius
956 1130 1052 1190 verba
1081 1127 1155 1213 qtsia
1192 1131 1319 1210 prolixa
1349 1143 1423 1195 snm

88 1226 283 1298 praetereo.
311 1239 431 1281 suruma
454 1230 557 1282 autern
581 1216 649 1282 eius
676 1221 915 1301 praescribebat
941 1243 1105 1285 munerum
1131 1225 1423 1288 convivet-nosset

88 1313 171 1377 haec
190 1322 247 1376 est·
263 1313 315 1377 lex
333 1313 479 1386 Orchia,
505 1314 542 1375 de
563 1333 625 1398 quta
643 1310 726 1378 Cato
747 1315 776 1376 in
793 1313 994 1378 orationibus
1013 1315 1077 1378 suis
1095 1317 1309 1391 vociferatur,
1333 1321 1421 1401 qssosl

86 1406 200 1488 plures
215 1428 309 1491 quiam
330 1407 528 1488 praescripto
544 1406 611 1470 eius
626 1411 800 1472 cavebatur
811 1413 848 1470 all
862 1429 993 1472 coenam
1018 1409 1241 1475 vocarentur.”
1266 1410 1421 1494 Matreu·
1549 1492 1551 1497 y

88 1499 222 1565 Satura.
245 1502 290 1567 ll.
315 1500 367 1563 13.
390 1522 425 1582 p.
448 1502 523 1564 tot.

177 1593 409 1662 hettonem
434 1595 661 1678 cumprimum
692 1595 895 1673 dissiluisse,
926 1597 1080 1679 perlatam
1108 1611 1219 1682 postea
1246 1597 1422 1664 defendisse

89 1686 258 1773 colligitur
279 1710 321 1753 ex
343 1686 443 1753 Festo
471 1709 498 1754 s.
521 1711 554 1752 v.
579 1693 842 1754 Percunetatum
871 1703 902 1754 et
924 1692 1187 1758 obsonitavere:
1223 1713 1289 1779 quo
1314 1702 1426 1775 poste·

88 1781 287 1849 mareloco
315 1805 387 1847 cum
415 1783 445 1846 in
477 1794 587 1847 vetere
618 1782 741 1850 cortice
772 1786 925 1867 scriptum
954 1785 994 1848 sit
1024 1789 1110 1852 Cato
1133 1788 1169 1850 in
1190 1788 1352 1852 suasione
1381 1787 1424 1853 ds

89 1872 166 1962 ieg'e
188 1878 319 1943 Orchia
339 1878 590 1961 derogaretur,
625 1877 784 1960 displicata
810 1879 900 1943 vocis
922 1879 1084 1944 suasione
1111 1896 1273 1962 postrema
1299 1885 1423 1963 syllaba

86 1970 260 2057 legendnm
283 1970 425 2034 videtur:
451 1975 538 2036 Cato
559 1973 595 2036 in
617 1973 780 2037 suasione
802 1994 852 2036 ne
874 1973 916 2036 tie
935 1975 1011 2057 lege
1034 1975 1165 2038 Orchia
1178 1977 1423 2060 derogaretur.

88 2062 147 2130 Cl.
172 2064 287 2130 Schol.
311 2066 397 2129 Bob.
420 2087 455 2148 p.
479 2065 555 2128 310.

261 2225 397 2289 Faunus
418 2226 650 2310 sumptuaria.

177 2347 291 2432 „Legi
323 2369 426 2430 nuper
453 2348 485 2411 in
516 2346 685 2431 Capitonis
712 2347 813 2413 Atteii
843 2347 1067 2415 Coniectaneis
1100 2361 1228 2414 senatus
1261 2352 1423 2418 decretum

90 2454 205 2517 vetus,
227 2439 270 2508 C.
295 2441 420 2507 Fannio
442 2454 474 2504 et
496 2443 548 2505 M.
567 2443 702 2507 Valerio
726 2443 868 2506 Messala
892 2464 976 2508 coss.
997 2446 1042 2523 (a.
1066 2465 1098 2506 n.
1121 2444 1210 2525 592.)
1233 2444 1367 2522 facturn,
1391 2447 1422 2512 iu

89 2558 157 2622 qino
185 2536 336 2601 iubentur
362 2535 523 2620 principes
552 2535 706 2612 civitatis,
740 2536 796 2622 qui
827 2536 908 2600 ludis
934 2537 1175 2622 Megalensibus
1206 2537 1336 2623 antiquo
1357 2540 1424 2604 ritu

89 2632 292 2720 mutitarent,
323 2631 356 2695 iu
383 2643 447 2708 est,
486 2641 592 2694 mutua
616 2630 701 2694 inter
729 2651 799 2695 sese
822 2631 970 2694 convivia
995 2632 1170 2715 agitarent,
1204 2631 1313 2695 iurare
1340 2635 1424 2717 apud

90 2727 241 2792 consules
266 2727 374 2790 verbis
394 2724 578 2808 conceptis,
603 2745 666 2788 non
690 2723 824 2808 amplius
843 2723 876 2786 in
898 2723 1039 2808 singulas
1062 2745 1178 2789 coenas
1192 2736 1338 2809 sumptus
1353 2746 1423 2791 esse

88 2819 252 2896 facturos,
276 2843 369 2905 quam
385 2833 535 2883 centenos
555 2819 748 2900 vicenosque
764 2819 866 2892 aeris,
890 2829 1020 2900 praeter
1035 2819 1106 2882 olus
1124 2829 1155 2882 et
1177 2819 1226 2882 lar
1247 2831 1278 2884 et
1301 2821 1421 2899 vintrau,
1474 2873 1478 2882 .

90 2935 197 2998 neque
219 2913 295 2979 vino
319 2914 512 2998 alienigena,
542 2915 598 2976 sed
617 2913 740 2995 patrio,
773 2933 906 2987 risuros3
937 2933 1038 2996 neque
1064 2914 1188 2998 argenti
1210 2914 1242 2977 in
1268 2914 1422 3007 convivio

88 3010 161 3092 plns
184 3014 295 3091 pondo
318 3030 411 3092 qnam
440 3010 536 3072 libras
567 3021 692 3070 centum
720 3007 881 3069 illaturos.
941 3009 1024 3072 Post
1053 3007 1086 3070 id
1112 3009 1420 3093 senatusconsultu·

89 3105 142 3167 lex
166 3104 299 3168 Fannia
322 3103 382 3165 lata
406 3115 471 3178 est,
496 3123 576 3186 quae
599 3102 681 3163 ludis
704 3100 876 3175 Romanis,
901 3099 974 3163 item
996 3101 1076 3165 ludis
1098 3101 1232 3184 plebeiis
1255 3114 1294 3188 et·
1309 3096 1421 3166 Satur·

87 3197 231 3274 nulibus,
262 3209 293 3260 et
316 3196 385 3259 aliis
408 3198 595 3278 qtiibnsdam
618 3196 745 3270 diebus,
775 3195 808 3257 iu
830 3193 974 3279 singulos
997 3194 1064 3258 dies
1089 3207 1240 3260 centenos
1266 3196 1349 3261 aeris
1372 3197 1421 3259 in·

87 3293 170 3356 sumi
200 3291 378 3366 concessit,
413 3294 587 3374 decemque
613 3289 682 3352 aliis
710 3290 819 3352 diebus
848 3288 880 3350 in
908 3289 1040 3373 singulis
1067 3289 1225 3352 mensibus
1258 3291 1419 3366 tricenos;
1536 3342 1543 3366 ,

88 3385 207 3449 ceteris
229 3397 332 3450 antem
351 3385 497 3449 omnibns
513 3385 623 3449 diebus
637 3386 751 3448 denos.
796 3385 889 3447 Hanc
904 3383 1049 3448 Lucilius
1065 3387 1162 3467 po'e'ta
1178 3383 1284 3468 legem
1299 3383 1419 3469 signat,

87 3500 162 3542 cnm
184 3478 275 3543 elicit:

258 3605 298 3619 ·-
321 3601 363 3617 -·
386 3573 495 3637 Fanni
515 3573 750 3658 centussisque
772 3572 932 3638 misellos.

90 3669 130 3732 In
164 3687 229 3752 qno
257 3677 448 3731 erraverunt
481 3668 605 3750 qnidam
640 3665 940 3731 commentariorum
971 3665 1001 3728 in
1038 3665 1194 3730 Lucilium
1228 3664 1415 3747 scriptores,

88 3762 178 3847 qtrod
192 3772 401 3843 putaverunt,
425 3761 559 3825 Fannia
575 3761 645 3846 lege
661 3774 835 3844 perpetuos
857 3759 888 3821 in
904 3779 996 3821 omne
1012 3760 1132 3821 dierum
1150 3780 1251 3844 genns
1266 3768 1418 3822 centenos
1552 3788 1558 3794 ·

87 3853 172 3918 aeris
187 3866 338 3920 statutos.
368 3851 505 3918 Centum
528 3855 607 3918 enirn
630 3855 712 3917 aeris
735 3854 886 3919 Fannius
908 3850 1085 3926 constitnit,
1109 3851 1202 3915 sicuti
1221 3872 1317 3936 stupra
1337 3848 1416 3927 dixi,

87 3949 181 4013 iestis
205 3951 391 4034 qtsibnsdarn
414 3951 542 4025 diebus,
579 3970 701 4031 eosque
722 3948 811 4030 ipsos
834 3948 900 4010 ‹lies
930 3945 1120 4009 nominavit:
1155 3947 1289 4010 alioruin
1313 3956 1416 4008 antem

88 4045 211 4111 dierum
242 4044 381 4110 ominium
411 4046 440 4109 in
471 4044 615 4129 singulos
644 4044 710 4106 dies
735 4054 877 4124 sumptus
899 4038 1026 4104 inclusit
1052 4038 1133 4104 intra
1156 4039 1239 4104 aeris
1261 4038 1339 4102 alias
1360 4035 1418 4102 tri·

87 4160 204 4216 cenos,
228 4139 305 4203 alias
327 4139 458 4204 denos.‘'
501 4145 546 4202 A.
571 4135 694 4200 Gellius
716 4137 763 4201 11.
787 4137 846 4211 il,
871 4134 978 4198 2-6.

173 4232 283 4313 „Cum
310 4234 530 4297 auctoritatem
560 4251 663 4294 novae
687 4230 767 4312 legis
790 4241 879 4291 aucta
905 4227 1075 4292 necessitas
1101 4226 1307 4308 imploraret:
1341 4235 1418 4308 post

88 4348 203 4390 annum
233 4327 416 4390 vicesimum
446 4324 646 4408 [secundnm]
668 4323 750 4407 legis
775 4322 915 4388 Orchiae
937 4321 1069 4386 Fannia
1096 4321 1148 4384 lex
1175 4320 1236 4383 lata
1262 4333 1310 4384 est
1332 4339 1415 4384 anuo

86 4435 162 4504 post
191 4424 325 4487 Romam
348 4422 505 4488 conditam
528 4420 698 4483 secundum
715 4417 800 4480 Gelli
823 4415 1005 4499 opinionem
1028 4414 1281 4479 anxxttx.
1304 4411 1415 4495 [inraso

88 4515 362 4599 Duxxxxtlt
406 4517 457 4581 De
473 4517 531 4578 bac
546 4515 617 4598 lege
640 4510 917 4575 Sammonicus
941 4509 1115 4572 Serenus
1137 4509 1179 4571 ita
1195 4508 1315 4571 relect:
1337 4510 1417 4572 Les:

88 4610 273 4686 Fannia,
304 4609 515 4675 sanctissimi
536 4605 707 4690 Augusti,
736 4605 869 4688 ingenti
893 4603 1046 4666 omnium
1068 4603 1230 4667 ordinum
1248 4619 1418 4665 consensu

84 4703 311 4787 pervenitad
328 4706 517 4788 poputum.
541 4724 647 4788 neque
668 4721 745 4764 eam
763 4708 946 4782 praetores
967 4708 1029 4760 aut
1053 4697 1200 4775 tribuni,
1224 4704 1264 4759 ut
1282 4696 1418 4779 pleras-

87 4820 153 4888 que
173 4799 285 4876 auus,
307 4798 369 4862 sed
390 4821 437 4863 ese
457 4797 612 4864 omnium
636 4796 806 4862 bonorum
825 4789 969 4859 consilio
995 4803 1029 4858 et
1051 4791 1222 4859 sententia
1243 4787 1314 4940 ipsi
1337 4805 1420 4855 con·

157 4897 286 4951 Occasu.
324 4895 377 4948 Cic.
398 4896 443 4950 ttt.
