3202 5318
186 344 250 411 133
510 414 513 420 ,
587 330 740 398 INDEX
761 327 1118 395 FORMULARUM.

186 482 422 564 supplemento.
466 475 551 539 Ibid.
582 503 622 516 -
657 473 790 534 Senatus
816 468 997 532 consultum
1031 467 1151 529 factum
1184 477 1232 527 est
1261 465 1294 527 in
1323 467 1530 533 creditorum

189 593 302 646 causa,
327 582 368 632 nt
391 565 634 630 centesimae
658 571 860 644 perpetuo
882 560 1028 623 fenore
1051 561 1312 620 ducerentur.
1336 559 1389 621 lb.
1414 566 1449 636 ς.
1478 563 1531 624 13.

274 663 326 726 Dc
351 680 429 741 rege
456 655 678 720 Alexandrino
703 653 821 715 lactum
850 662 898 714 est
927 654 962 713 S.
992 649 1035 714 C.
1065 669 1146 712 cum
1178 648 1446 714 multitudiue
1469 674 1533 717 re·

190 752 282 819 duci
304 751 364 815 rei
385 749 581 831 publicae
605 744 879 827 periculosum
903 742 1048 805 videri.
1077 745 1124 816 ,ad
1149 742 1192 821 Q.
1215 743 1273 804 Fr.
1298 742 1337 816 2,
1363 743 1401 817 2,
1426 744 1481 806 3:

273 846 318 907 A.
341 843 375 904 d.
398 841 445 903 V.
469 839 521 902 Id.
545 840 645 901 Febr.
670 836 758 920 (698)
782 837 822 897 ad
852 835 1013 916 Apollinis
1043 845 1170 897 senatus
1195 833 1375 896 consultum
1403 834 1560 898 factum·

63 922 69 930 '
190 946 256 1010 m,
291 954 334 1009 μ
357 929 588 1016 quaefacta
614 938 803 991 essenta.
827 929 859 989 d.
884 925 1005 987 VIII.
1038 926 1095 987 Id.
1119 926 1238 988 Febr.
1267 937 1413 989 contra
1444 947 1530 991 rens

186 1023 389 1110 publicam
413 1042 504 1085 esse
527 1021 647 1085 lacta.
680 1021 718 1079 ad
742 1019 785 1098 Q.
810 1018 869 1080 Fr.
893 1017 930 1090 2,
956 1016 995 1090 3,
1020 1017 1053 1079 3.

273 1117 396 1180 Eodem
424 1113 474 1176 die
502 1115 548 1193 (a.
579 1113 612 1172 d.
643 1111 707 1173 IV.
735 1110 787 1171 Id.
817 1109 918 1171 Febr.
952 1128 982 1170 a.
1015 1130 1047 1170 ιι.
1078 1108 1164 1186 598.)
1193 1110 1531 1174 senatusconsultum

187 1207 306 1271 factum
332 1217 399 1280 est,
423 1217 462 1266 ut
484 1203 725 1266 sodalitates
748 1199 1040 1284 decuriatique
1063 1200 1345 1275 discederent,
1377 1203 1532 1286 lexque
1574 1214 1577 1220 ’

190 1301 233 1362 de
255 1297 307 1360 iis
329 1297 526 1368 ferretur,
556 1306 614 1368 ut,
649 1293 718 1377 qui
746 1311 819 1355 non
847 1291 1155 1367 discessissent,
1180 1312 1222 1354 ea
1252 1313 1396 1373 poena,
1423 1314 1531 1377 quae

189 1402 249 1453 eat
270 1392 317 1452 de
340 1389 399 1463 vi,
423 1397 687 1451 tenerentur.
712 1387 751 1446 ad
774 1385 817 1462 Q.
841 1386 899 1446 Fr.
925 1385 963 1455 9,
987 1384 1025 1458 3,
1049 1387 1082 1447 5.

155 1502 159 1511 ’
204 1514 208 1522 ·
273 1481 410 1547 Senatus
440 1478 599 1562 gratias
627 1479 801 1559 agendas
824 1477 945 1536 censuit
970 1475 1211 1539 civitatibus
1239 1476 1308 1551 iis,
1343 1496 1444 1558 quac
1470 1476 1528 1541 M.

190 1573 385 1646 Tullium,
411 1571 535 1633 civem
553 1567 1007 1650 optimederepublica
1024 1566 1223 1639 meritum,
1246 1568 1528 1649 recepissent.

140 1699 149 1714 ·
188 1683 251 1746 pro
274 1666 369 1726 domo
392 1662 450 1736 32,
474 1662 527 1724 85.

276 1753 358 1818 Ciam
381 1753 526 1826 Licinia,
550 1751 646 1834 virgo
667 1750 840 1825 Vestalis,
854 1750 897 1813 T.
914 1749 1094 1813 Flaminino
1113 1751 1156 1830 Q.
1174 1751 1311 1814 Metello
1334 1753 1528 1817 concidibus

190 1866 276 1909 aram
299 1858 330 1908 et
355 1844 528 1908 aediculam
555 1854 586 1905 et
606 1842 755 1923 pulvinar
776 1845 836 1904 sub
860 1863 942 1905 saxo
965 1862 1058 1905 sacro
1080 1843 1271 1917 dedicasset,
1294 1863 1362 1905 eam
1382 1864 1453 1905 rem
1484 1866 1530 1907 ea

154 1985 160 1992 .
189 1936 379 2001 auctoritate
398 1947 527 1999 senatus
548 1937 585 1997 ad
608 1934 794 2014 pontificum
817 1934 989 2016 collegium
1014 1935 1093 1997 Sex.
1109 1935 1211 1997 Iulius
1229 1947 1363 2015 praetor
1382 1936 1530 2001 rettulit.

188 2028 232 2092 P.
256 2028 409 2089 Scaevola
429 2025 575 2109 pontifex
592 2025 745 2087 maxianus
764 2047 827 2106 pro
851 2024 995 2107 collegio
1013 2026 1199 2107 respondit:
1224 2026 1340 2105 erod
1362 2028 1402 2089 in
1430 2028 1530 2092 loco

188 2118 357 2201 publico
380 2117 561 2192 Licinia,
587 2116 675 2181 Caii
699 2117 815 2192 lilia,
840 2117 995 2179 iniussu
1018 2117 1168 2198 populi
1189 2117 1444 2204 dedicasset,
1465 2140 1529 2182 sa·

190 2231 298 2273 erum
322 2230 397 2272 uon
421 2209 613 2273 viderier.
672 2208 774 2287 Quam
791 2210 916 2291 quidem
932 2230 999 2271 rem
1015 2221 1131 2292 quanta
1151 2210 1322 2272 severitate
1338 2222 1529 2294 quantaque

190 2300 352 2383 diligentie
374 2312 500 2363 senatus
522 2301 706 2371 sustulerit,
731 2320 773 2362 cx
794 2301 868 2381 ipso
883 2311 1009 2362 senatus
1024 2304 1173 2382 consrrlto
1193 2302 1286 2364 facile
1301 2302 1527 2384 cognoscetis.

191 2391 306 2456 Recita
330 2404 457 2455 senatus
484 2393 677 2457 consultum.
720 2393 896 2454 Senatus
926 2392 1171 2456 consultum.
1216 2393 1385 2456 Videtisne
1405 2415 1532 2475 prae·

190 2483 274 2547 tori
306 2487 463 2561 urbano
490 2485 693 2566 negotium
728 2488 877 2560 datum,
919 2480 959 2545 ui
993 2497 1178 2557 curaret,
1213 2505 1259 2548 ne
1290 2485 1328 2547 id
1363 2507 1531 2550 sacrum

192 2587 321 2640 essete
345 2586 394 2651 et,
419 2588 480 2650 ut,
501 2576 533 2637 si
559 2597 658 2659 quae
683 2588 815 2640 essent
836 2576 992 2639 incisae
1015 2587 1084 2638 aut
1106 2577 1331 2659 inscriptae
1353 2577 1530 2641 litterae

190 2669 456 2732 tollerentur.
480 2687 543 2748 pro
566 2670 662 2732 domo
686 2669 745 2743 53,
772 2670 845 2731 137.

275 2759 438 2823 Domum
461 2760 513 2821 M.
539 2760 669 2822 'frillii
692 2760 843 2823 iudicio
866 2759 1110 2840 pontificum
1133 2759 1341 2844 religione
1370 2759 1531 2826 libera-

151 2910 153 2914 .
191 2860 268 2914 tam
291 2850 433 2913 videri.
456 2853 495 2912 de
518 2851 664 2932 Harusp.
687 2873 776 2933 resp.
802 2856 839 2926 7,
865 2851 917 2912 13.

276 2943 409 3004 Senatus
435 2942 595 3016 decrevit,
627 2942 661 3004 si
684 2964 763 3005 eam
787 2944 916 3025 legem
941 2946 987 3004 ad
1008 2944 1197 3023 populum
1220 2943 1345 3016 ierat,
1376 2956 1529 3008 eontra

191 3033 494 3114 rempublicam
518 3035 651 3095 videri
673 3055 756 3096 eum
779 3035 933 3097 lacere.
964 3036 1391 3110 adHereun.1,12,2l.

275 3125 326 3188 De
359 3147 408 3189 me
441 3137 570 3188 senatus
601 3126 643 3188 ita
677 3127 837 3188 decrerit:
878 3127 915 3188 si
949 3127 1038 3209 quis
1075 3126 1314 3207 impedisset
1349 3127 1529 3192 reditum

191 3234 327 3291 meum,
352 3217 387 3278 in
411 3216 588 3280 hostium
612 3238 776 3279 numero
800 3219 1033 3280 haberetur.
1058 3217 1088 3278 in
1112 3218 1226 3280 Pison.
1252 3219 1310 3292 15,
1335 3219 1389 3280 35.

279 3309 420 3371 Senatus
442 3309 610 3370 universus
633 3308 800 3383 iudicavit,
826 3309 902 3371 illud
923 3321 1110 3389 corruptum
1137 3330 1207 3370 esse
1230 3308 1391 3371 iudicium.
1415 3352 1439 3369 .
1461 3355 1482 3370 .
1506 3357 1529 3372 .

192 3398 239 3459 At
260 3397 336 3478 quid
358 3411 405 3461 est
426 3398 613 3462 decretum?
636 3421 728 3481 qnam
753 3401 858 3463 iuste?
885 3420 978 3483 quam
1003 3400 1182 3481 sapienter?
1209 3423 1303 3483 quam
1327 3401 1529 3485 diligenter?

194 3485 237 3550 Si
266 3489 469 3572 quisunt,
500 3511 672 3573 quorum
696 3513 818 3572 opera
840 3491 988 3554 factum
1011 3493 1083 3567 sit,
1119 3504 1160 3554 ut
1182 3493 1369 3555 iudicium
1392 3495 1529 3573 publi·

193 3600 273 3644 cum
296 3561 649 3663 corrumpereinr.
674 3604 735 3663 pro
761 3582 910 3647 Cluentio
934 3585 992 3657 19,
1019 3585 1091 3646 136.

277 3672 490 3748 Decrevistis,
528 3695 574 3735 ue
604 3675 694 3756 quis
724 3677 768 3736 de
799 3677 914 3737 caelo
943 3687 1151 3749 servaret;
1185 3698 1228 3738 ne
1259 3676 1350 3759 quis
1374 3698 1526 3742 moram

193 3762 315 3825 ullam
338 3765 536 3837 afferren
569 3765 604 3826 si
627 3766 719 3847 quis
743 3768 863 3828 aliter
885 3766 1073 3840 lecisset,
1107 3789 1188 3829 eum
1218 3769 1335 3848 plane
1358 3789 1527 3834 everso·

192 3874 271 3915 rem
293 3854 349 3916 rei
371 3856 560 3936 publicae
583 3857 675 3918 lore
698 3858 818 3941 idque
841 3870 1026 3920 senatum
1052 3860 1294 3941 gravissime
1328 3862 1525 3935 Ιιιιιιιιιιιιι

195 3954 227 4006 et
248 3946 445 4008 utstatim
468 3949 514 4008 de
537 3948 624 4009 eius
653 3948 765 4010 iactu
792 3949 1034 4015 referretur.
1078 3951 1150 4030 Qua
1181 3952 1337 4033 gravitate
1367 3971 1425 4013 sua
1451 3973 1525 4015 οιιιιι

84 4042 91 4055 “
193 4034 347 4116 frequens
381 4049 508 4099 senatus
542 4039 767 4100 nonnullorum
805 4041 909 4102 scelus
944 4042 1170 4126 audaciamque
1202 4045 1374 4116 tardasset,
1416 4052 1526 4106 tamen

195 4126 272 4188 illud
297 4129 430 4204 addidit,
455 4128 487 4190 si
511 4130 655 4191 diebus
678 4129 873 4211 quinque,
899 4133 1046 4219 quibus
1069 4137 1130 4216 agi
1153 4137 1197 4196 de
1221 4155 1274 4195 me
1297 4133 1525 4213 potuisset,

195 4237 273 4280 non
297 4232 401 4281 esset
424 4233 571 4294 actum,
596 4219 769 4282 redirem
792 4222 829 4284 in
852 4224 1028 4304 patriam
1052 4226 1253 4308 dignitate
1277 4226 1385 4289 omni
1408 4247 1526 4290 recn-

193 4320 345 4389 perata.
374 4332 437 4392 pro
459 4311 565 4375 Sestio
588 4315 648 4388 51,
674 4312 747 4375 129.

281 4400 439 4478 Quoniam
464 4404 600 4466 noudum
625 4417 673 4468 est
694 4406 906 4488 perscriptum
930 4421 1058 4472 senatus
1083 4409 1278 4485 consultum,
1302 4430 1343 4471 ex
1370 4415 1528 4479 memoria

195 4488 307 4564 robis,
331 4494 411 4578 quid
431 4506 556 4556 senatus
579 4497 754 4573 censuerit,
778 4519 950 4579 exponam.
995 4501 1137 4564 Primum
1165 4501 1240 4564 mihi
1267 4503 1392 4585 gratiae
1414 4505 1528 4571 verbis

194 4579 393 4657 amplissimis
415 4598 571 4668 aguntur,
596 4592 704 4670 quod
727 4591 899 4666 virtute,
926 4592 1125 4666 consilio,
1150 4593 1417 4674 providentia
1442 4617 1527 4661 mea

194 4672 436 4751 respublica
460 4678 655 4758 periculis
677 4681 732 4743 sit
755 4682 934 4747 maximis
957 4684 1157 4748 liberatae
1181 4684 1295 4748 deinde
1317 4685 1362 4748 L.
1385 4686 1526 4754 elam
