3202 5318
559 301 710 369 INDEX
730 305 914 375 Lssuuu.
1336 315 1399 381 tlt

76 444 240 519 novimus,
276 443 374 507 luisse
403 445 630 509 demonstrant.
675 445 822 531 Denique
844 469 948 533 rogo,
985 471 1023 512 an
1047 450 1223 532 perniciosa
1250 454 1305 519 illa
1326 455 1401 539 lege

76 538 209 606 Manilia
230 537 339 602 saltem
362 538 497 601 ambitus
524 536 732 616 minueretur,
754 562 848 623 quem
875 542 989 606 tollere
1016 543 1175 627 Sulpicius
1198 545 1402 613 enitebatur?
1463 539 1474 560 ‘

76 638 191 719 ltaque
213 642 353 715 praestat
377 633 478 694 adhuc
501 632 665 709 omuibus,
689 646 839 718 quantum
860 635 1023 723 intelligo,
1048 639 1231 702 coniectura
1250 640 1400 719 Manutii,

75 752 169 814 quam
191 724 350 791 Graevius
375 736 427 805 et,
452 724 507 808 qui
529 748 621 789 tinam
642 727 725 790 illam
747 727 779 790 iu
796 750 867 792 suns
887 731 960 792 edd.
981 730 1172 807 intulerunt,
1195 734 1404 823 Verburgius

75 833 108 886 et
133 819 281 885 Olivetus
304 821 536 902 adprobarunt.
580 820 739 901 [Petierat
755 823 902 897 Servius,
927 845 991 889 nou
1008 835 1041 886 ut
1062 823 1133 887 latis
1152 826 1314 913 suffragiis
1328 852 1403 895 een·

75 917 177 979 turiae
201 925 462 987 numerarentur,
486 916 572 996 quod
590 912 663 977 lieri
681 915 821 991 solebat,
847 917 901 979 sed
917 929 951 980 ut
975 917 1079 983 omnia
1099 921 1312 986 centuriarum
1335 946 1403 990 om-

78 1012 163 1074 nium
183 1007 337 1093 suffragia
353 1005 641 1081 confunderentur,
666 1008 767 1094 iisque
782 1010 951 1074 numeratis
972 1011 1042 1096 quis
1057 1014 1169 1076 consul
1186 1013 1291 1079 lactus
1306 1030 1401 1094 esset,

75 1107 146 1191 quis
175 1103 332 1178 reiectus,
366 1099 617 1185 intelligeretur:
655 1101 697 1165 ita
734 1103 845 1180 fiebat,
882 1115 916 1167 ut
946 1104 1080 1169 ambitus
1113 1106 1299 1184 tolleretur,
1333 1134 1404 1175 eum

75 1198 193 1263 nullius
223 1195 383 1259 centuriae
416 1194 602 1258 beneficium
633 1207 816 1278 appareret.
862 1198 1023 1278 Manum]
1067 1201 1208 1276 Verum,
1244 1203 1319 1285 quid
1344 1206 1405 1270 sibi

76 1294 236 1358 hocloco
262 1291 336 1354 velit
355 1290 564 1372 prorogatio
589 1290 694 1374 legis,
731 1312 779 1353 me
803 1290 910 1355 fateor
935 1296 1074 1355 noudum
1102 1292 1296 1379 intelligere.
1341 1300 1406 1363 Er·

76 1386 193 1452 nestius
210 1385 365 1467 explicat,
389 1384 681 1449 continuationem
700 1385 737 1448 in
759 1397 893 1469 lempna
914 1386 1071 1472 longius,
1096 1389 1186 1473 quasi
1200 1390 1253 1454 lex
1269 1392 1404 1457 Manilia

78 1483 139 1547 iana
164 1479 343 1546 obtineret:
383 1477 569 1553 Manutius,
598 1479 685 1561 legis
707 1480 898 1564 abrogatae
919 1481 1188 1563 restitutionem,
1220 1486 1307 1568 quod
1329 1507 1405 1552 sane

77 1577 220 1641 insolens
243 1575 316 1639 mibi
338 1574 464 1639 videtur
486 1583 517 1633 et
538 1594 677 1637 novum:
713 1574 764 1637 alii
785 1573 873 1659 legis
894 1577 1169 1659 promulgandae
1190 1576 1402 1658 dilationem,

78 1673 166 1757 quod
181 1691 307 1754 nequeo
323 1691 393 1731 cum
412 1666 566 1732 sententia
585 1667 649 1732 loci
671 1688 879 1749 componere.
913 1670 1026 1751 Neque
1039 1669 1133 1733 facile
1151 1670 1209 1736 ista
1228 1672 1405 1757 depelletur

76 1763 275 1840 obscuritas,
298 1766 401 1827 donec
423 1761 523 1845 ipsam
544 1784 612 1826 rem
635 1761 866 1846 ignorabimus.
901 1763 1032 1828 Graan.

384 1922 611 1986 blismurus.
632 1921 804 1985 venalium
825 1921 1090 1987 vendendorum.

160 2047 260 2127 „Nec
282 2043 448 2130 quisquam
464 2056 511 2107 est
533 2065 663 2119 eorum,
688 2042 762 2128 qui,
787 2043 815 2107 si
837 2043 897 2106 iam
913 2043 953 2106 sit
969 2042 1169 2108 ediscendum
1191 2046 1251 2110 sibi
1273 2047 1403 2134 aliquid,

79 2162 143 2203 non
163 2142 325 2203 'l'eucrum
343 2137 594 2214 Pacuviinralit,
619 2160 711 2221 quam
728 2138 944 2203 Manilianas
960 2138 1128 2202 uenalium
1146 2142 1405 2208 vendendorum

79 2236 165 2321 leges
188 2231 364 2298 ediscere.''
395 2235 432 2295 de
456 2231 551 2294 Orat.
577 2233 605 2295 l.
630 2233 687 2305 58,
714 2232 788 2295 266.

163 2330 266 2393 Erant
287 2327 459 2401 lorruulae,
485 2326 598 2410 quibus
614 2324 661 2388 uti
678 2337 808 2406 possent
823 2324 855 2387 iu
875 2324 976 2388 'rebus
996 2326 1167 2390 vendendis
1189 2330 1403 2415 canendisque,

80 2422 132 2506 qui
153 2443 188 2485 se
209 2420 312 2503 decipi
335 2421 472 2484 nollent:
497 2422 578 2481 unde
600 2420 753 2483 actiones
775 2430 928 2482 vocantur
951 2440 967 2480 a
990 2420 1141 2485 Varrone
1166 2421 1208 2485 ll.
1231 2421 1274 2485 R.
1298 2422 1347 2487 ll.
1371 2425 1403 2502 5,

80 2520 138 2580 ll:
177 2518 261 2579 unde
291 2527 321 2578 et
352 2514 555 2579 verbosiores
581 2512 681 2576 inisse
706 2511 867 2575 discimus.
923 2514 1114 2594 Exemplum
1140 2513 1212 2577 talis
1243 2515 1322 2600 legis
1356 2530 1406 2581 eat

78 2613 162 2695 apud
188 2612 320 2674 eundem
349 2610 396 2674 ll.
427 2610 464 2682 3,
495 2610 525 2672 5.
568 2609 743 2671 Auctorem
771 2609 927 2670 habebant
956 2611 1023 2673 Μ’.
1047 2609 1252 2687 Manilium,
1287 2609 1403 2676 ICtum

78 2727 166 2781 eum,
198 2704 252 2788 qui
274 2727 304 2766 a.
329 2727 361 2767 ιι.
385 2704 458 2766 606.
483 2702 593 2765 consul
617 2724 686 2763 cum
711 2703 752 2766 L.
774 2700 903 2764 Marcio
928 2698 1111 2767 Censorino
1133 2696 1206 2768 fuit.
1252 2706 1302 2772 De
1325 2707 1406 2771 ecri-

78 2812 189 2880 ptura,
216 2810 318 2862 utrum
341 2796 468 2867 Manil.
493 2818 531 2859 an
554 2794 709 2873 Mamil.,
733 2795 799 2858 vid.
822 2793 951 2858 Victor.
975 2797 1015 2858 ad
1036 2798 1133 2864 Varr.
1157 2797 1179 2861 l.
1203 2820 1256 2877 c.,
1281 2800 1405 2865 variant

79 2894 160 2957 enirn
184 2891 269 2957 libri.
304 2892 389 2957 Eun.

386 3053 530 3115 lllnunrn
553 3051 595 3113 de
615 3050 775 3114 vicesima
798 3051 1101 3113 manumissorum.

166 3174 241 3248 ,Ab
264 3173 365 3236 altero
388 3173 517 3236 consule
540 3175 615 3253 (Cn.
639 3173 777 3238 Manlio
799 3173 993 3256 Capitolino
1011 3173 1202 3257 Imperioso
1217 3195 1247 3237 a.
1264 3196 1297 3237 u.
1316 3175 1406 3257 39⁶.)

80 3269 155 3332 nibil
180 3267 384 3330 memorabile
405 3278 548 3350 gestum,
586 3266 644 3329 nisi
666 3269 753 3350 quod
778 3267 881 3345 legem
905 3288 992 3330 novo
1017 3268 1164 3349 exemplo
1195 3271 1232 3329 ad
1262 3269 1404 3334 Sutrium

80 3362 110 3425 iu
142 3360 256 3425 castris
285 3359 426 3423 tributim
460 3360 501 3422 de
531 3359 689 3424 uicesima
720 3384 841 3424 eorum
871 3362 931 3447 qui
960 3361 1284 3424 manumitterentur
1313 3361 1404 3426 tulit.

80 3468 205 3538 patres,
228 3455 302 3538 quia
325 3476 360 3518 ea
381 3456 452 3539 lege
477 3456 558 3517 baud
581 3476 714 3536 parvum
740 3454 877 3541 vectigal
896 3455 983 3538 inopi
1007 3456 1132 3520 aerario
1153 3454 1290 3518 additum
1306 3470 1403 3535 esset,

81 3560 229 3613 auctores
250 3548 393 3612 inserunt.
416 3560 556 3611 ceterum
583 3549 840 3630 tribuniplebis,
866 3571 929 3611 nou
956 3562 1017 3611 tam
1042 3550 1112 3635 lege
1135 3571 1228 3632 quam
1256 3551 1405 3634 exemplo

81 3641 176 3718 moti,
203 3664 241 3706 ne
271 3642 342 3727 quis
363 3652 473 3724 postea
499 3642 653 3725 populum
679 3655 847 3706 sevocaret
869 3643 971 3724 capite
996 3656 1186 3718 sanxerunt,
1218 3642 1297 3706 nihil
1324 3645 1405 3707 enim

81 3757 145 3800 uon
169 3758 226 3817 per
248 3735 362 3800 milites
386 3736 504 3798 iuratos
528 3736 557 3798 in
582 3736 719 3798 consulis
742 3738 858 3811 rerba,
883 3737 1025 3819 quamvis
1041 3736 1253 3819 perniciosum
1268 3738 1405 3820 populo,

81 3830 106 3892 si
129 3831 161 3892 id
186 3830 312 3904 liceret,
337 3830 415 3892 ferri
438 3829 568 3912 posse.'’
603 3830 679 3892 Liv.
704 3831 788 3893 Vll.
815 3831 865 3893 to.

166 3927 219 3988 Ex
242 3927 301 3986 hac
317 3925 388 4007 lege
413 3924 558 3986 vicesima
582 3945 656 4002 pars
680 3923 793 4005 pretii,
819 3947 883 4008 quo
904 3925 1084 3988 manumissi
1105 3925 1196 3988 vendi
1216 3923 1404 4005 potuissent,

81 4017 214 4083 siscrvi
234 4018 411 4094 venisseut,
447 4019 496 4079 vel
523 4015 616 4079 etiam
643 4038 708 4100 quo
737 4017 833 4098 empti
860 4030 977 4095 essent,
1008 4019 1133 4082 aerario
1154 4018 1316 4101 pendenda
1338 4028 1407 4079 erat

80 4116 120 4177 ab
140 4112 220 4195 ipsis
243 4112 438 4175 manumissis
460 4123 492 4173 et
513 4130 591 4173 auro
607 4110 778 4174 solvenda:
803 4114 885 4173 unde
904 4134 1031 4175 aurum
1052 4109 1405 4196 uicesimariumLir.

80 4206 236 4273 XXVII.
260 4208 311 4268 to.
357 4205 506 4270 Ceterum
537 4205 574 4266 dc
605 4205 662 4265 hac
686 4203 757 4287 lege
789 4205 852 4271 vid.
883 4206 922 4272 P.
952 4208 1152 4270 Burmannus
1179 4206 1217 4267 de
1241 4201 1406 4288 Vectigal.

81 4301 169 4386 Pop.
195 4301 294 4365 Rom.
319 4322 350 4362 c.
375 4302 420 4362 X.

375 4460 544 4522 ‘illusura
567 4458 608 4519 dc
630 4456 868 4520 libertinorum
891 4456 1089 4545 suffragiis.

166 4579 414 4663 „Constantiam
438 4583 481 4643 L.
504 4578 653 4653 Domitii,
678 4599 771 4662 quam
787 4577 818 4640 iu
834 4591 981 4659 praetura
1003 4583 1047 4658 (a.
1072 4602 1104 4641 ιι.
1128 4578 1216 4659 695.)
1239 4577 1406 4663 praestitit,

78 4676 253 4761 significat.
298 4676 377 4738 Nam
401 4696 440 4737 eo
463 4686 606 4756 tempore
636 4695 705 4735 curn
735 4675 797 4737 Gn.
827 4672 984 4735 Manlius
1011 4671 1298 4756 tribunusplebis,
1333 4676 1409 4738 eub-

79 4772 174 4837 nixus
199 4768 420 4835 libertinorum
444 4780 476 4831 ct
497 4788 664 4832 servorum
684 4786 795 4841 manu,
828 4764 1070 4849 perditissimam
1095 4767 1195 4856 legem
1217 4766 1339 4845 ferret,
1368 4776 1408 4831 ut
