3202 5318
459 335 465 339 ·
589 294 1023 398 enrico-nuatum.
1424 338 1466 401 u

137 468 219 537 eni·
241 480 423 554 ἐπίτευγμα
446 490 593 556 magnum
620 471 741 535 nullum
763 471 836 535 lieri
856 472 976 556 possit,
1014 474 1205 559 ἀπότευγμα
1232 476 1284 538 vel
1314 497 1379 541 nou
1404 499 1470 542 ma·

139 585 236 654 gun
258 566 430 631 molestum
452 564 596 628 Iutururn
613 562 672 628 sit:
695 563 770 648 quid
794 587 878 649 opns
900 580 948 631 est
970 569 1309 654 aapomiuueslew?”
1331 575 1371 635 ad
1390 556 1468 637 Ait.

138 658 241 727 xm·
265 659 324 737 2⁷,
348 664 381 722 10

216 758 417 834 Ἔπιοήκτα,
430 753 570 846 fluxa,
593 777 664 821 non
685 757 871 834 diuturna,
896 779 985 842 meae
994 755 1116 849 focile
1138 738 1312 833 intereunt
1328 769 1393 823 ant
1415 758 1469 821 in-

133 848 240 913 terire
256 859 421 932 possunt.
475 847 625 921 „Omnia
643 850 695 914 illa
725 850 847 933 prima,
878 871 959 933 1μο
987 849 1080 913 etiam
1110 850 1173 914 tuis
1201 849 1318 915 litteris
1340 850 1372 914 in
1399 873 1470 916 eae·

133 944 198 1007 lnttt
225 940 376 1017 leubae,
407 942 562 1020 ἐπίτήκτα
579 943 649 1021 (ulii
663 945 832 1025 ἐπίκτητα)
849 938 1021 1008 iuerttnt.’'
1043 945 1085 1008 ad
1103 944 1178 1008 Ate.
1193 945 1285 1010 vll.
1307 947 1346 1021 1,
1372 946 1405 1010 5.
1427 950 1470 993 -ss

132 1035 235 1103 cont.
258 1036 427 1121 Meleagri
449 1028 554 1122 epigr.
578 1039 638 1114 01,
669 1038 794 1105 1;Ἴδ’
817 1040 860 1114 ὥς
880 1036 1251 1120 ructuare-putores.
1276 1046 1342 1104 κτλ.

212 1131 413 1215 ’Μυρὼ
438 1130 623 1217 epiphoris,
653 1131 676 1195 i.
701 1154 732 1196 e.
754 1132 901 1195 humoris
922 1128 1096 1196 destillatio
1110 1142 1151 1195 et
1171 1130 1205 1195 iu
1227 1130 1363 1217 aliquam
1394 1154 1470 1199 eor-

133 1226 227 1311 poris
251 1234 375 1309 partem
397 1224 555 1311 impetus,
581 1226 663 1289 unde
681 1227 814 1291 morbus
838 1238 871 1289 et
891 1225 1009 1300 dolor,
1033 1227 1074 1289 ab
1095 1236 1317 1311 ἐπιφέρομαι,
1338 1227 1471 1312 impetu

126 1319 261 1412 seror,
283 1318 397 1385 ὶννιεο.
443 1318 589 1402 „Balbos
611 1323 651 1384 ad
673 1341 724 1384 ure
749 1319 897 1403 scripsit,
920 1331 1005 1385 tanta
1029 1341 1064 1384 se
1088 1325 1239 1409 ἐπιφορᾳῒ
1260 1340 1468 1404 oppressum,

139 1427 173 1478 ut
195 1414 286 1498 loqui
307 1433 374 1478 non
396 1413 513 1501 possit.
522 1412 542 1441 '’
586 1414 628 1477 ati
647 1412 744 1481 Β..
758 1414 861 1481 XVI.
876 1414 935 1490 23,
961 1419 993 1478 1.

219 1509 505 1592 Ἐπιφονήμοιτα,
524 1506 809 1587 acclamatum,
834 1509 971 1574 muas.
1023 1508 1136 1590 „Quid
1156 1530 1221 1597 ego
1242 1508 1418 1575 alienorum
1438 1510 1470 1577 io

138 1625 185 1668 ne
213 1602 457 1688 ἐπιφωνήματα
492 1614 695 1684 exspectem,
726 1623 799 1665 etim
826 1604 904 1666 haee
933 1601 1020 1675 domi
1046 1600 1281 1668 usoeotur?”
1326 1607 1366 1668 ad
1394 1607 1469 1671 An.

140 1700 167 1763 I.
191 1699 254 1774 19,
279 1699 313 1762 3.
1095 1707 1098 1712 ’
1286 1744 1289 1749 -
1340 1740 1341 1745 1

216 1795 476 1878 Ἐπιχαρμετον,
506 1791 710 1875 Epicharmi
730 1792 871 1867 scitum,
906 1791 1050 1856 dietum.
1106 1791 1350 1873 „Quamobrem
1373 1798 1471 1862 Ἔπι-

137 1903 298 1974 χαρμεῑον
319 1887 399 1951 illud
420 1897 548 1953 teneto:
579 1908 698 1951 nervos
729 1899 825 1970 atque
852 1898 939 1950 arttts
970 1907 1039 1951 esse
1054 1886 1239 1970 ‘sapientiae
1263 1909 1329 1952 nou
1349 1899 1470 1953 temere

137 1981 315 2047 eredere.'’
359 1985 399 2046 de
420 1980 514 2064 petit.
537 2002 630 2046 coos.
655 1984 714 2056 10,
745 1981 798 2048 39.
1269 2022 1272 2027 ι
1303 2063 1306 2067 ¹

215 2078 503 2165 Ἑπιχειρήμοτα,
526 2076 860 2159 argumentationes.
885 2074 1080 2161 „Reliquum
1097 2076 1287 2150 videbatur,
1311 2087 1347 2140 ut
1361 2088 1470 2141 osten·

138 2174 294 2245 derensis,
316 2204 413 2218 --
435 2192 514 2256 queas
528 2169 841 2254 argumentationes,
866 2192 946 2256 qttas
958 2170 1075 2234 Graeci
1097 2171 1337 2256 ἐπιχειρήματα
1360 2173 1471 2257 appel·

140 2266 220 2343 lant,
244 2265 357 2350 sequi,
381 2286 461 2350 quas
477 2264 578 2327 vitare
594 2267 806 2347 oporteret.’'
830 2266 869 2326 ad
891 2265 974 2328 Her.
997 2266 1047 2330 11.
1072 2267 1108 2341 2,
1133 2265 1166 2329 2.
1189 2296 1231 2309 -·
1273 2264 1325 2329 De
1347 2265 1469 2351 epichi-

138 2373 255 2425 remate
282 2372 314 2425 et
333 2361 430 2424 variis
450 2359 516 2423 eius
539 2360 713 2443 generibus
736 2359 808 2423 vide
827 2357 962 2438 Quintil.
986 2360 1068 2423 Inst.
1092 2370 1192 2425 oratt.
1216 2361 1264 2424 V.
1288 2360 1340 2422 10.

213 2457 414 2543 Ἔπιχρονία
430 2455 550 2534 ἐποχή,
571 2454 741 2517 diuturno
767 2452 951 2517 dubitatio.
998 2455 1099 2526 ,Non
1123 2453 1185 2518 suit
1205 2450 1384 2518 iacientium
1410 2452 1469 2517 ali·
1551 2444 1556 2451 ⁶

139 2561 207 2626 ter,
226 2571 345 2633 meque
368 2561 543 2634 ἐπιχρωσία
563 2549 666 2628 ἐποχή
688 2559 742 2611 tue
763 2545 960 2610 dtubitatione
976 2545 1139 2610 liberavit.
1153 2545 1172 2572 '’
1196 2548 1238 2610 ad
1260 2547 1331 2610 Au.
1355 2546 1420 2611 VI.
1434 2547 1468 2612 9.

215 2644 338 2721 Ἐπος,
363 2665 502 2708 carmen
518 2642 708 2707 heroicum.
752 2640 874 2725 „Qttod
889 2661 939 2704 me
955 2640 1115 2718 hortaris,
1139 2652 1174 2704 ut
1196 2641 1383 2705 absolvam:
1411 2642 1469 2705 ha-

139 2740 197 2803 beo
219 2738 404 2802 ahsolutum
430 2758 547 2814 errave,
584 2735 658 2800 mihi
679 2734 806 2820 quidem
831 2733 878 2799 teti
905 2733 1049 2815 videtur,
1082 2734 1162 2812 ἔπος
1187 2737 1226 2797 ad
1249 2730 1468 2799 Caesarem.”

139 2831 174 2895 u
196 2814 244 2913 οἱ
267 2832 312 2897 n.
337 2831 405 2896 111.
430 2833 467 2907 9,
491 2832 524 2894 e.

215 2929 365 3008 Ἑποχή,
397 2926 545 2990 retentio
572 2922 775 2988 assensionis.
828 2976 845 3005 „
855 2923 1033 2999 Videbam,
1063 2945 1145 3008 quiae
1175 2922 1233 2986 tibi
1262 2936 1371 2988 essent
1391 2938 1469 2993 ἐπο-

138 3027 190 3100 χής
216 3042 353 3096 causae,
385 3033 526 3084 eterant
546 3023 672 3082 eaedem
702 3017 815 3081 mihi.’'
860 3021 898 3080 ad
921 3021 992 3083 Att.
1014 3020 1077 3082 VI.
1101 3018 1139 3093 6,
1165 3019 1197 3082 3.
1221 3055 1261 3066 -
1307 3021 1468 3100 ,Ἀδίτη-

140 3142 185 3191 οις
206 3116 269 3178 ista
292 3115 369 3178 mihi
393 3129 462 3189 tua,
494 3137 558 3178 noo
581 3114 685 3193 ἐποχή
712 3113 919 3176 videbatur.''
964 3115 1004 3175 ad
1026 3116 1099 3176 Au.
1123 3113 1188 3176 VI.
1213 3115 1250 3189 9,
1287 3114 1320 3176 3.
1366 3114 1467 3180 Coui.

138 3211 335 3295 Ἐπιχροοία
360 3211 476 3289 ἐποχή.
501 3240 542 3254 -·
585 3211 684 3289 „Non
709 3207 791 3271 enim
810 3207 966 3270 sustinent
988 3206 1182 3291 (remiges),
1206 3211 1262 3271 sed
1284 3207 1347 3274 alio
1370 3212 1469 3275 modo

139 3305 306 3388 remigant.
354 3305 391 3366 11
413 3307 453 3366 ab
474 3309 578 3389 ἐποχή
598 3301 845 3366 remotissimum
871 3300 959 3364 est.’'
1004 3303 1043 3362 ad
1066 3303 1138 3364 Au.
1161 3301 1264 3366 XIII.
1289 3304 1344 3377 21,
1370 3306 1402 3370 3.
1427 3338 1469 3351 -

139 3401 293 3480 ,Semper
313 3396 495 3462 Carneades
528 3398 697 3483 προβολήν
724 3395 844 3480 pugilis
872 3407 904 3457 et
931 3394 1140 3458 retentionem
1174 3396 1306 3480 attrigae
1335 3398 1468 3463 similem

140 3493 212 3555 lacit
232 3497 345 3577 ἐποχή.
391 3492 478 3554 lbid.
504 3490 603 3556 cont.
626 3513 652 3556 s.
675 3514 706 3555 v.
728 3489 900 3577 Προβολή.
926 3521 960 3531 -
1017 3491 1185 3570 ,Ἐποχήν
1206 3503 1345 3553 vestram
1368 3496 1406 3554 de
1431 3516 1467 3558 re

140 3586 413 3668 Canaeprobo.’'
458 3587 593 3649 aslAtt.
618 3585 700 3648 XV.
727 3585 785 3660 21,
811 3585 908 3646 2.-
952 3584 1027 3656 „Ex
1050 3582 1099 3645 his
1119 3584 1170 3646 illa
1194 3587 1375 3649 necessario
1396 3599 1468 3651 nata

140 3693 183 3743 est
204 3680 327 3758 ἐποχή,
349 3680 380 3742 id
402 3690 450 3742 est
473 3678 664 3743 assensionis
686 3677 863 3742 retentio.”
894 3678 998 3742 Acad.
1022 3677 1072 3741 II.
1098 3678 1155 3753 18,
1186 3681 1240 3742 59.
1264 3714 1305 3725 —-
1348 3682 1468 3760 ,Ἐπο-

142 3776 198 3853 χήν
223 3773 309 3837 illam
332 3773 471 3837 omnium
496 3773 645 3836 rernm.’'
689 3774 793 3836 Acad.
818 3772 867 3834 II.
892 3773 948 3845 18,
976 3771 1049 3833 118.

218 3872 498 3951 Ἑπταμηοιαῖος,
532 3867 773 3950 septimestris.
825 3913 839 3939 ,,
849 3866 953 3928 '1'ullia
982 3886 1049 3927 mea
1080 3865 1205 3949 peperit
1236 3866 1358 3931 XIIII.
1389 3869 1466 3933 Kal.

142 3962 210 4025 Iun.
235 3985 370 4045 puerum
393 3961 672 4045 ἐπταμήνιαῑον.”
695 3964 734 4023 ad
756 3963 828 4025 Au.
853 3963 900 4024 X.
926 3961 982 4035 18,
1011 3963 1041 4022 1.

218 4058 377 4143 Ἐρανος,
400 4057 556 4132 collatio,
576 4055 743 4139 pecunia,
767 4077 871 4141 quam
892 4056 936 4118 ab
961 4056 1102 4131 amicis,
1121 4057 1345 4142 propinquis,
1369 4079 1463 4155 sutri<

136 4164 215 4233 ptus
222 4149 394 4242 faciendi
419 4172 527 4213 eausa
552 4151 716 4233 petimus.
761 4151 840 4214 Vid.
864 4161 990 4244 praeter
1013 4151 1091 4213 alios
1117 4154 1156 4214 de
1182 4151 1246 4213 hoc
1273 4152 1375 4215 verbo
1401 4151 1466 4217 Ca·

140 4248 273 4310 neubon.
298 4247 336 4308 ad
360 4246 580 4327 Theophrast.
605 4247 709 4309 c.15.
737 4247 822 4309 Eun.
874 4245 994 4324 ,Qttod
1022 4256 1124 4306 autem
1151 4266 1205 4320 os,
1237 4246 1267 4309 in
1290 4246 1371 4309 haue
1398 4269 1464 4311 rem

141 4341 257 4427 ἔρανον
280 4361 298 4401 a
321 4339 408 4402 le?''
452 4342 491 4401 ad
513 4342 585 4402 An.
610 4340 695 4403 XII.
718 4340 755 4412 5,
779 4344 811 4403 l.

211 4435 360 4518 Ἔργον,
387 4455 488 4517 opus.
534 4437 572 4496 ad
596 4436 666 4498 An.
689 4433 791 4498 XIII.
816 4434 876 4509 25,
900 4435 933 4499 3.

215 4534 396 4615 Ἐρχῶδες,
424 4528 649 4592 laboriosum.
701 4529 790 4608 „Est
815 4528 893 4591 illud
919 4530 1045 4615 quidem
1068 4536 1219 4616 ἐργῶδες,
1248 4536 1304 4598 sed
1331 4539 1465 4604 ἀνεκτόν

145 4624 270 4708 mihique
298 4621 547 4708 gratissimutn.''
572 4626 611 4685 ad
634 4623 702 4688 An.
726 4622 805 4686 XV.
828 4624 886 4698 19,
915 4627 945 4684 1.

215 4720 331 4803 'Epioe
355 4744 411 4792 τις.
457 4717 487 4781 0
513 4716 592 4779 illud
616 4738 744 4791 veruto,
768 4717 861 4802 ἔρδοι
883 4719 980 4793 τις1”
1004 4723 1041 4782 ad
1064 4721 1136 4784 Att.
1160 4723 1207 4786 V.
1233 4725 1285 4801 10,
1310 4727 1342 4790 3.
1367 4727 1464 4789 Sena·

150 4810 204 4875 rius
227 4813 352 4900 integer
379 4809 499 4894 legitur
524 4813 609 4895 apud
628 4811 876 4895 Aristophanem
900 4811 930 4875 in
954 4813 1073 4897 Vespis
1098 4837 1130 4879 v.
1156 4818 1259 4882 1t31:
