3202 5318
554 340 1388 450 1nnnxnncninssr

61 506 157 570 ratim
188 505 307 570 mentio
337 506 438 581 fir,
428 530 460 570 ιιι
487 528 583 570 tanum
612 529 838 593 congererem,
876 535 916 578 ne
943 514 1029 580 inira
1055 520 1097 581 ad
1130 518 1252 586 Fufiam
1283 525 1336 611 leg
1316 547 1387 589 vem

60 603 173 665 eadem
194 601 266 665 lere
289 623 370 687 qnae
394 601 446 665 hic
466 601 580 665 iterum
601 602 767 666 scribenda
790 619 907 671 essent.

582 806 697 871 Aenea
726 809 865 872 Sanam.

146 964 255 1039 ,Cum
284 964 336 1027 lex
365 964 479 1048 [Aelia
500 962 632 1046 Sentio]
654 965 781 1029 assiduo
806 965 960 1031 vindicem
989 970 1145 1036 assiduum
1173 996 1241 1040 esse
1266 978 1383 1057 iubent,

60 1061 257 1143 locupletem
279 1059 366 1120 iubet
387 1056 555 1138 locupleti·
590 1058 732 1140 locuples
756 1059 836 1122 enim
859 1073 906 1123 est
928 1065 1108 1140 assiduus,
1140 1080 1173 1130 ut
1196 1071 1240 1134 ait
1262 1074 1384 1149 Aelius,

59 1152 243 1239 appellatus
265 1153 404 1213 abasse
426 1151 572 1215 dando?
616 1154 703 1234 Top.
728 1154 767 1227 2,
793 1156 844 1216 10.
868 1156 957 1219 conl.
981 1158 1101 1221 Boset..
1126 1182 1160 1242 p.
1185 1164 1259 1227 297.

145 1240 221 1311 Lex
236 1246 338 1310 Aelia
353 1247 472 1309 Sentio
492 1248 531 1306 de
554 1246 850 1311 manumissionibus
872 1249 947 1311 satis
969 1262 1045 1313 nota
1068 1264 1116 1314 est
1138 1254 1245 1330 1Ctis·;
1268 1263 1325 1321 sed
1347 1282 1383 1323 ca

60 1352 113 1407 est
142 1340 309 1403 consulum
341 1361 371 1401 a.
403 1361 432 1402 ιι.
463 1339 537 1401 756.
570 1342 713 1424 adeoque
747 1353 821 1422 post
853 1353 988 1404 mortem
1018 1343 1205 1423 Ciceronis,
1241 1363 1386 1434 tempore

59 1434 226 1517 Augusti,
251 1435 324 1494 lata.
369 1434 478 1495 Porro
501 1433 647 1495 consules
670 1434 796 1496 Aelium
813 1447 844 1497 et
860 1436 999 1499 Sentium
1023 1443 1177 1520 quendam
1201 1442 1290 1506 siml
1314 1461 1385 1512 ante

61 1527 190 1611 Topica
213 1527 333 1607 scripta
355 1524 454 1587 fuisse
478 1536 532 1586 aut
553 1538 720 1607 praetores
742 1540 794 1589 ant
816 1529 961 1592 tribunos
984 1532 1084 1612 plebis
1107 1537 1190 1611 (nam
1214 1548 1246 1598 et
1268 1559 1284 1599 a
1308 1541 1387 1605 dno·

58 1624 123 1685 bns
148 1619 417 1700 tribunis.plebis
439 1618 528 1702 leges
550 1619 704 1682 nominari
728 1620 779 1682 lex
803 1620 961 1685 Carbonis
984 1637 1015 1685 et
1038 1625 1158 1687 Silvani
1188 1631 1295 1710 docet)
1323 1654 1386 1697 non

60 1715 254 1799 reperimus.
299 1713 412 1795 Itaque
441 1734 510 1774 cum
540 1733 556 1772 a
588 1711 771 1776 melioribus
795 1712 901 1777 Codd.
935 1737 1049 1779 nomen
1073 1719 1165 1783 buius
1188 1721 1267 1799 legis
1289 1726 1383 1797 absit,

59 1831 162 1892 eaque
185 1809 256 1881 lex,
279 1827 361 1889 qnae
382 1804 509 1867 assiduo
531 1805 618 1868 iubet
634 1806 792 1869 assiduum
809 1809 962 1872 vindicem
980 1831 1065 1887 esse,
1088 1808 1129 1874 tit
1143 1834 1160 1873 e
1176 1815 1259 1879 ΧΗ.
1278 1820 1384 1881 l'abb.

60 1904 178 1986 petita,
210 1903 273 1964 boc
295 1898 376 1982 legis
399 1920 512 1961 nomen
536 1922 598 1964 oon
621 1911 728 1981 potest
751 1922 819 1963 esse
842 1924 858 1964 a
882 1900 1055 1966 Cicerone.
1101 1902 1313 1990 Corruptioni
1338 1912 1386 1974 lo·

60 2018 132 2059 cour
162 1997 250 2058 dedit
278 2015 392 2054 nomen
414 1991 518 2068 Aelii,
542 1991 642 2076 'quod
663 1993 766 2055 statim
788 1996 963 2061 subiicitur.
1009 1999 1089 2059 Nam
1119 2002 1207 2083 quod
1236 2002 1384 2069 Norisius

62 2088 143 2154 Cen.
166 2089 239 2153 Pis.
262 2086 349 2151 Diss.
372 2087 438 2149 111.
463 2088 494 2150 9.
539 2087 691 2151 Sentium
718 2109 787 2149 esse
813 2100 903 2169 putat
933 2112 950 2152 a
976 2089 1126 2166 librario,
1158 2095 1293 2157 Aeliam
1315 2117 1402 2161 esse»

61 2183 108 2246 ius
136 2183 326 2253 Aelianuuu
360 2182 447 2263 quod
474 2181 564 2242 valde
596 2182 738 2261 placebat
767 2182 959 2246 Heineceio:
994 2184 1026 2245 id
1051 2185 1182 2265 probari
1212 2200 1384 2269 propterea

62 2296 126 2341 nott
147 2286 277 2358 potest,
302 2275 375 2358 qnia
398 2277 448 2337 lex
467 2287 714 2337 commemorata
735 2287 783 2336 est
807 2277 858 2337 lex
874 2298 955 2359 qnae
977 2276 1110 2358 proprie
1135 2279 1251 2341 dicitur
1268 2303 1284 2342 c
1299 2283 1382 2345 XII.

62 2368 191 2433 tabulis.
234 2369 264 2432 1.
288 2369 541 2453 Cannegieterns
566 2370 611 2430 V.
637 2367 678 2432 C.
702 2372 740 2431 de
764 2370 915 2448 Notisp.
939 2370 1013 2431 316.
1037 2382 1155 2446 tentat,
1190 2375 1268 2434 Lex
1290 2376 1385 2454 nprnd

62 2463 201 2527 Aelium
229 2466 388 2528 Sextum
434 2466 507 2526 Non
533 2462 649 2544 placet.
692 2462 777 2525 Ean.
829 2461 928 2526 Conl.
958 2462 1112 2526 Orellinm
1144 2465 1184 2526 ad
1213 2462 1382 2561 Ciceronis

64 2557 246 2640 Topicap.
269 2557 344 2619 377.
368 2556 442 2618 edit.
465 2554 608 2620 minoris.

422 2762 578 2826 Aaronem
600 2760 642 2824 de
663 2781 810 2823 censura
832 2761 1028 2825 minuenda.

144 2921 322 2997 ,Dictator
350 2919 477 2995 (iterum
499 2923 613 2985 Mam.
635 2920 804 2982 Aemilius
833 2942 862 2982 a.
886 2943 918 2984 ιι.
940 2921 1024 3000 396)
1052 2942 1217 2986 censuram
1242 2925 1382 2989 minuere

64 3030 169 3098 parat,
194 3038 252 3078 seu
275 3015 400 3077 nimiam
422 3027 611 3094 potestatem
635 3026 741 3087 ratres,
766 3036 820 3076 sen
844 3027 991 3075 nontam
1016 3017 1227 3100 magnitudine
1252 3022 1383 3083 honoris

64 3134 151 3193 quam
176 3109 381 3172 diuturnitate
404 3109 556 3170 offensus.
602 3106 763 3171 Contione
786 3108 892 3191 itaque
916 3113 1072 3172 aslroeata
1094 3110 1155 3186 ait,
1179 3112 1259 3174 alios
1283 3115 1382 3193 magi·

63 3218 177 3268 stratus
206 3225 329 3266 nnntros
358 3223 443 3274 esse,
475 3201 739 3284 quinquennalem
762 3222 945 3275 censuram;
981 3225 1079 3281 graec
1102 3225 1170 3266 esse
1193 3204 1303 3267 iisdem
1326 3228 1384 3289 per

63 3311 107 3363 tot
128 3320 233 3361 annos
256 3317 370 3378 magna
391 3308 482 3376 parte
506 3296 588 3356 vitae
612 3295 773 3357 obnoxios
798 3296 925 3359 vivere.
961 3317 994 3358 se
1025 3297 1126 3380 legem
1157 3300 1310 3373 laturum,
1345 3322 1384 3362 ne

62 3394 249 3474 plusquam
273 3412 374 3452 anneta
397 3411 433 3450 ac
456 3388 613 3450 semestris
636 3410 768 3450 censura
792 3401 885 3453 esset.
941 3389 1107 3454 Consensu
1130 3392 1250 3476 ingenti
1272 3393 1382 3474 populi

62 3487 161 3569 legem
178 3497 314 3566 postero
333 3484 383 3545 die
398 3483 540 3564 pertulit.
564 3513 604 3523 —
627 3481 786 3545 Censores
810 3482 865 3559 (C.
883 3485 999 3545 Furius
1017 3486 1069 3546 M.
1087 3486 1262 3568 Geganius)
1285 3509 1382 3565 aegre

62 3580 143 3659 passi
165 3582 405 3649 Mamercum,
430 3579 517 3660 qnod
543 3577 759 3656 magistratum
784 3578 893 3657 populi
918 3579 1053 3640 Romani
1083 3580 1260 3654 minuisset,
1297 3584 1382 3643 tribu

63 3685 232 3738 noverunt
261 3671 521 3754 octuplicatoqne
551 3691 647 3733 censu
676 3673 829 3731 aerarium
854 3670 1030 3731 iecerunt.'‘
1075 3673 1152 3734 Liv.
1177 3675 1241 3736 lV.
1265 3674 1318 3735 27.
1342 3709 1382 3720 -

65 3768 151 3849 ..tp
175 3765 332 3830 Claudius
354 3784 469 3826 censor
491 3767 534 3840 (a.
553 3786 584 3824 ιι.
602 3764 687 3837 tlt.)
710 3764 906 3824 circumactis
929 3766 1035 3824 decem
1059 3777 1089 3825 et
1112 3779 1187 3827 octo
1212 3767 1380 3836 mensibus,

64 3862 147 3943 quod
175 3858 329 3924 Aemilia
357 3858 427 3941 lege
456 3856 574 3918 linitum
603 3878 752 3918 censurae
778 3857 913 3937 spatium
945 3857 1096 3936 temporis
1125 3870 1210 3932 erat,
1245 3880 1315 3920 cum
1340 3857 1382 3919 C.

64 3952 207 4017 Plautius
240 3952 368 4032 collega
397 3951 463 4012 eius
493 3950 678 4029 tnagistratu
708 3972 741 4012 se
769 3950 962 4024 abdicasset,
998 3950 1082 4011 nulla
1113 3951 1143 4013 vi
1171 3950 1318 4031 compelli
1350 3961 1383 4010 ut

66 4046 225 4109 abdicaret
253 4046 371 4127 potuit.
416 4048 458 4109 P.
488 4043 694 4124 Sempronius
726 4055 793 4105 erat
824 4043 966 4105 tribunus
996 4042 1115 4123 plebis,
1151 4044 1205 4126 qni
1229 4043 1381 4106 liniendae
1471 4041 1476 4052 '

66 4162 213 4207 semeae
238 4141 318 4203 intra
344 4140 513 4219 legitimum
538 4149 659 4218 tempus
683 4140 835 4198 actionem
863 4149 1066 4219 susceperat,
1103 4157 1165 4198 non
1193 4136 1380 4217 popularem

70 4234 160 4319 nagia
183 4256 280 4319 qtram
303 4234 429 4307 iustam,
463 4255 521 4296 nec
543 4233 574 4294 in
599 4234 713 4313 volgus
736 4252 827 4313 quam
851 4231 972 4312 optimo
996 4232 1108 4313 meique
1132 4231 1323 4310 gratiorem.
1355 4229 1383 4292 is

68 4348 129 4391 ton
161 4327 334 4393 identidem
367 4329 468 4408 legem
497 4326 680 4390 Aemiliam
709 4326 873 4396 recitaret,
913 4335 1139 4406 auctoremque
1168 4323 1234 4384 eins
1266 4327 1380 4388 Mam.

71 4423 249 4487 Αιωίἱίιιιη
263 4422 451 4484 dictatorem
466 4420 612 4481 lattdibus
627 4420 742 4490 ferret,
768 4419 821 4500 qni
844 4418 1104 4499 quinquennalem
1127 4427 1197 4476 ante
1219 4438 1380 4479 censuram

73 4526 99 4576 et
114 4515 350 4602 longinquitate
372 4526 562 4597 potestatem
587 4514 795 4574 ‹lorrainantem
819 4513 898 4574 intra
921 4532 977 4572 sen
1002 4530 1138 4570 mensum
1161 4521 1192 4571 et
1215 4511 1286 4574 antri
1305 4533 1380 4574 coe·

77 4608 161 4690 gunt
182 4609 368 4696 spatinru,'’
391 4621 453 4674 cet.
497 4610 574 4671 Lis.
598 4610 662 4671 IX.
686 4608 738 4669 33.
762 4608 813 4671 Sl.

320 4803 475 4864 Aeantem
499 4797 728 4880 sumptuaria.
781 4794 857 4857 Vid.
880 4794 1130 4859 Suntrrrnnms.
