3202 5318
559 338 915 447 Ιιιιιιιιιιιιιιιιιι.
1334 346 1402 412 au

531 531 688 597 Ocnum
698 531 959 626 frumentaria.

163 668 236 755 „C.
260 668 401 735 Gracchi
422 669 628 735 frumentaria
656 693 767 758 magna
790 672 937 758 largitio;
966 671 1171 737 exhauriebat
1191 671 1291 759 igitur
1307 692 1405 753 ἰιιι-
1477 742 1480 747 ,

78 765 182 830 rium:
204 764 330 828 modica
352 766 409 829 M.
432 764 569 830 Oetnnii
590 777 622 828 et
638 757 685 829 r'ei
703 767 850 849 publicae
865 765 1042 832 tolerabilis
1058 779 1089 830 et
1104 766 1189 849 plebi
1209 769 1403 846 necessariae
1493 778 1497 787 '

78 880 161 945 ergo
182 871 214 923 et
233 854 356 922 ciuibus
375 870 408 922 et
428 858 476 922 rei
499 859 646 942 publicae
665 858 848 923 salutaris.’'
871 863 909 924 de
932 860 1026 926 offic.
1050 861 1098 925 ll.
1122 861 1184 936 21,
1209 863 1262 926 tt.
1284 896 1325 912 -
1346 862 1404 930 Μ.

77 953 242 1022 &tonius
262 954 325 1018 cm
338 951 384 1043 f.
407 964 526 1015 tantum
550 953 741 1017 auctoritate
764 954 962 1037 dicendoque
983 955 1102 1030 saltsit,
1128 967 1161 1019 ut
1189 955 1293 1040 legem
1316 958 1406 1021 Sem·

77 1049 223 1132 proniani
244 1047 482 1111 frumentariam
505 1045 620 1130 populi
648 1048 825 1132 frequentis
849 1048 1012 1134 suffragiis
1032 1049 1277 1135 abrogaverit.’'
1308 1050 1404 1114 Brut.

78 1143 138 1219 62,
162 1141 239 1205 222.

163 1238 218 1300 Ex
250 1233 361 1317 priore
390 1235 464 1299 loco
496 1247 629 1317 apparet
656 1235 877 1318 Semproniam
899 1236 1010 1321 ‘legem
1040 1237 1184 1302 Octauio
1213 1258 1276 1303 non
1306 1249 1404 1302 totam

79 1332 286 1414 abrogatam,
303 1331 359 1391 sed
370 1330 508 1413 quodam
523 1331 622 1392 ruodo
638 1333 831 1395 moderatam
849 1350 936 1405 esse,
953 1328 1074 1393 maiore
1086 1330 1208 1412 pretio,
1225 1342 1259 1393 ut
1271 1331 1405 1417 Pighius

79 1423 243 1506 opinatur,
268 1423 299 1486 in
322 1422 468 1506 singulos
492 1423 615 1486 modios
639 1425 825 1490 constituto.
869 1423 1005 1509 Pighius
1024 1444 1091 1487 eam
1112 1445 1196 1488 auno
1217 1446 1249 1487 ιι.
1273 1447 1304 1490 c.
1328 1427 1404 1490 633.

80 1514 267 1599 adscripsit,
299 1519 388 1600 quod
410 1514 579 1581 Ciceronis
602 1515 777 1598 posteriori
801 1518 877 1581 loco
898 1529 1076 1600 repugnat,
1107 1517 1160 1579 ubi
1187 1528 1300 1582 auctor
1324 1518 1405 1603 legis

79 1611 264 1675 oratoribus
287 1610 419 1674 serioris
441 1610 573 1686 aetatis,
597 1621 632 1673 ut
653 1613 697 1673 L.
716 1611 856 1675 Lurcullo
878 1611 1002 1675 consuli
1025 1633 1056 1674 a.
1080 1633 1112 1674 u.
1138 1612 1232 1690 679„
1259 1615 1312 1678 M.
1336 1615 1406 1677 Ln-

78 1704 164 1768 cullo
188 1703 311 1768 consuli
335 1726 364 1766 a.
390 1726 422 1766 n.
446 1703 540 1778 680„
566 1701 627 1768 Cn.
651 1704 791 1769 Octavio
814 1696 937 1769 consinii
952 1725 982 1767 a.
999 1726 1032 1769 u.
1047 1704 1142 1781 otu,
1166 1708 1402 1772 adnumeratur.

77 1798 211 1863 Rectius
234 1798 335 1883 igitur
356 1817 424 1859 eam
447 1798 502 1861 M.
523 1797 685 1874 Octavio,
718 1797 782 1864 Cu.
805 1798 934 1864 Octavii
955 1798 1096 1865 consulis
1118 1821 1148 1863 a.
1172 1821 1202 1864 u.
1226 1798 1300 1865 666.
1323 1800 1403 1880 illio,

79 1894 244 1958 tribueris.

658 2051 828 2116 Onustus.

162 2175 240 2251 ,M.
263 2172 402 2239 Valerio
425 2183 456 2236 et
480 2173 524 2254 Q.
548 2173 712 2256 Appuleio
731 2174 916 2237 consulibus
938 2177 984 2255 (a.
1006 2194 1041 2239 u.
1065 2176 1157 2255 653.)
1178 2176 1255 2241 satis
1275 2188 1407 2261 pacatae

78 2271 157 2335 loris
186 2289 238 2333 res
267 2267 372 2332 luere.
399 2302 441 2313 -
463 2299 504 2311 -
526 2303 567 2313 -
602 2269 722 2330 'samen
749 2266 953 2353 iucundique
982 2268 1172 2353 tranquillae
1201 2291 1253 2333 res
1284 2282 1405 2348 asem,

78 2376 238 2428 &namen
264 2361 414 2425 iniectum
440 2361 526 2424 inter
553 2361 711 2443 primores
736 2360 892 2437 civitatis,
927 2363 1078 2444 patricios
1105 2364 1332 2448 plebeiosque,
1366 2366 1407 2427 ab

80 2457 216 2523 tribunis
236 2455 339 2540 plebis
360 2459 403 2539 Q.
428 2468 459 2518 et
482 2458 545 2519 Gn.
562 2455 745 2538 Ogulniis,
771 2454 826 2538 qui
847 2459 984 2540 undique
998 2457 1263 2536 criminandorum
1281 2469 1408 2542 patrum

80 2555 162 2636 apud
181 2554 309 2635 plebem
326 2550 549 2614 occasionibus
565 2548 735 2633 quaesitis,
759 2560 928 2632 postquam
946 2549 1007 2613 alia
1025 2550 1145 2614 frustra
1164 2550 1284 2615 tentata
1304 2563 1406 2627 erant,

81 2669 147 2711 eam
177 2644 333 2710 actionem
360 2655 568 2726 susceperunt
596 2664 658 2727 qua
684 2663 748 2705 non
774 2643 909 2705 infimam
935 2645 1060 2727 plebem
1091 2647 1319 2721 accenderent,
1350 2646 1407 2710 sed

78 2740 146 2822 ipsa
169 2741 276 2823 capita
297 2738 419 2820 plebis,
450 2738 633 2802 consulares
657 2737 928 2822 triumphalesque
956 2738 1116 2821 plebeios,
1141 2760 1276 2822 quorum
1302 2742 1408 2804 bono·

79 2822 167 2898 ribus
189 2833 267 2897 nihil
288 2845 419 2915 praeter
441 2831 638 2907 sacerdotia,
668 2853 749 2916 quae
769 2833 907 2895 nondum
927 2831 1109 2916 promiscua
1129 2845 1236 2911 erant,
1261 2834 1405 2899 deesset.

79 2928 285 3010 rogationem
315 2947 396 3012 ergo
426 2927 672 3008 promulgarunt
699 2938 759 3000 ut,
792 2948 862 2989 crem
884 2938 1036 3009 quattuor
1061 2948 1219 3010 augures,
1254 2938 1408 3013 quattuor

79 3021 247 3101 pontilices
263 3041 300 3083 ea
316 3033 502 3101 tempestate
518 3029 638 3095 essent,
663 3020 868 3103 placeretque
887 3020 996 3104 augeri
1011 3023 1212 3084 sacerdotum
1229 3038 1404 3098 uuurerum,

79 3126 246 3199 quenttuor
258 3115 462 3197 pontifices,
480 3115 627 3199 quinque
642 3135 815 3198 augures,
830 3115 871 3177 de
883 3115 978 3197 plebe
993 3135 1126 3192 omues,
1142 3116 1408 3198 allegerentur.''

80 3210 155 3271 Lis.
179 3210 227 3272 X.
245 3210 275 3274 6.
297 3242 338 3255 -
362 3209 554 3289 „Certatum
573 3210 733 3271 suadenda
751 3208 1020 3292 dissuadendaque
1037 3211 1108 3294 lege
1122 3210 1205 3272 iuter
1221 3212 1287 3293 Ap.
1309 3209 1408 3276 Clau·

79 3303 163 3364 dium
181 3302 317 3366 maxime
336 3303 444 3367 icrunt
467 3314 497 3366 et
517 3302 599 3364 inter
619 3303 661 3367 P.
684 3303 817 3366 Decium
843 3302 1004 3367 Murem.''
1027 3305 1104 3367 Liv.
1121 3304 1167 3367 X.
1185 3307 1217 3367 7.
1241 3334 1277 3349 -
1306 3306 1408 3387 „Vo-

79 3418 152 3459 care
174 3398 275 3461 tribus
298 3399 460 3479 extemplo
482 3398 620 3478 populns
642 3395 793 3474 iubebat,
819 3399 1057 3483 apparebatque
1081 3396 1181 3479 accipi
1206 3398 1329 3484 legetur
1352 3400 1408 3464 itte

78 3503 183 3553 tamen
211 3492 277 3555 dies
306 3503 353 3555 est
378 3492 605 3555 intercessione
634 3492 790 3554 sublatus.
835 3493 975 3555 Postero
1009 3491 1059 3556 die
1088 3491 1245 3557 deterritis
1272 3492 1408 3558 tribunis

79 3584 203 3668 ingenti
225 3607 383 3651 consensu
406 3598 535 3668 accepta
557 3584 639 3649 est.'’
676 3588 754 3650 Liv.
778 3587 825 3650 X.
848 3587 881 3649 8.

686 3747 806 3811 Orrrn.

166 3867 243 3942 „M.
271 3867 457 3933 Fundanius
485 3879 517 3931 et
544 3869 588 3931 L.
619 3868 770 3931 Valerius
800 3867 917 3931 tribuni
945 3867 1047 3950 plebis
1077 3870 1120 3949 (a.
1144 3891 1176 3934 n.
1201 3893 1231 3934 c.
1255 3870 1345 3949 558.)
1368 3871 1408 3935 ad

79 3964 208 4046 plebem
236 3962 388 4027 tulerunt·
407 3966 444 4026 de
462 3964 577 4046 Oppia
605 3963 676 4048 lege
704 3964 901 4047 abroganda.
947 3963 1082 4026 Tulerat
1110 3985 1177 4027 eam
1207 3966 1246 4030 0.
1277 3964 1409 4047 oppius

77 4059 226 4121 tribimns
252 4057 355 4139 plebis
384 4059 427 4139 Q.
455 4057 556 4123 Fabio
588 4060 640 4122 Ti.
664 4057 856 4139 Sempronio
879 4057 1062 4121 cousrtlibus
1085 4063 1127 4137 (a.
1149 4080 1181 4120 n.
1206 4078 1237 4122 c.
1261 4059 1352 4138 538.)
1375 4057 1408 4122 in

79 4153 184 4216 medio
203 4153 320 4215 ardore
339 4150 452 4216 Punici
467 4151 557 4227 belli,
582 4172 623 4214 ue
641 4172 711 4236 qua
727 4152 850 4214 maelier
865 4153 945 4233 plus
965 4151 1140 4214 semuncia
1159 4151 1239 4216 ouri
1258 4152 1407 4228 haberet,

77 4252 144 4310 neu
170 4246 372 4310 uestimento
400 4247 600 4311 uersicolori
627 4258 782 4309 uteretur
789 4269 802 4318 ,·
830 4266 896 4308 neu
927 4246 1044 4309 iuncto
1071 4244 1223 4309 uehiculo
1252 4245 1288 4307 in
1320 4246 1404 4311 urbe

78 4342 248 4424 oppidoue
276 4353 337 4404 aut
361 4342 507 4424 propius
530 4341 610 4403 inde
633 4341 724 4402 mille
744 4361 871 4423 passus
895 4339 964 4403 nisi
988 4359 1169 4403 serrorum
1191 4338 1409 4421 publicorum

78 4456 208 4498 comeo
230 4438 442 4498 uelleretur.’'
480 4435 557 4497 Liv.
581 4434 752 4497 XXXlV.
777 4438 808 4495 1.
836 4473 873 4487 -
896 4434 1018 4514 „Anno
1041 4431 1197 4516 vigesimo
1217 4444 1293 4514 post
1311 4436 1407 4500 abro-

79 4541 154 4612 gata
177 4540 226 4591 est
249 4550 344 4611 quam
369 4528 466 4592 lata.'’
503 4528 577 4591 Lis.
600 4527 771 4590 XXXIV.
796 4528 827 4590 8.

168 4624 276 4697 „Urbi
299 4635 428 4687 nostrae
452 4621 581 4685 secundi
604 4621 676 4684 belli
700 4619 813 4684 Punici
836 4620 905 4682 linis
929 4632 960 4684 et
983 4618 1149 4703 Philippus
1172 4612 1232 4687 rex
1252 4621 1408 4688 Macedo-

78 4718 149 4780 niae
173 4717 317 4781 devictus
341 4715 516 4779 licentioris
541 4715 625 4777 vitae
648 4713 792 4778 liduciam
817 4713 914 4777 dedit.
969 4714 1043 4795 Quo
1072 4727 1216 4800 tempore
1244 4728 1407 4783 matronae

78 4813 259 4875 Brutorum
287 4814 357 4891 (M.
379 4820 413 4875 et
436 4813 480 4875 T.
503 4809 596 4876 Iunii
617 4809 720 4874 Bruti
739 4809 868 4874 tribuni
891 4809 1002 4892 plebia
1030 4813 1141 4896 legem
1170 4810 1307 4896 Oppiam
1335 4823 1409 4877 uu-
