3202 5318
201 278 264 349 m
682 270 836 343 tunna
855 270 1038 344 uncum.

288 422 439 491 Ceterum
454 429 548 484 erunt
564 416 720 495 lortasse,
743 418 800 505 qui
820 419 884 499 boc
901 429 1070 502 praeterea
1084 418 1237 503 scriptum
1255 418 1287 484 in
1306 420 1379 508 lege
1399 419 1527 487 Licinia

199 518 297 585 luisse
325 527 452 601 putent,
477 525 674 579 cantantum
701 515 742 577 ab
764 522 969 576 accussatore
994 512 1097 576 tribus
1120 514 1237 578 debere
1262 515 1329 592 edi,
1354 536 1434 601 quas
1456 515 1525 579 isa

199 632 258 679 reo
286 622 456 692 corrasptas
481 606 720 684 criminaretur,
754 628 824 670 eum
852 606 885 670 id
911 607 1098 695 frequenter
1125 606 1244 673 Cicero
1273 608 1442 674 Laterensi
1468 630 1526 672 ex·

199 708 352 791 probret,
376 705 481 789 quod,
506 722 581 777 cum
600 722 664 766 uon
686 699 822 765 ediderit
842 723 920 785 quas
947 700 1120 787 largitione
1146 715 1317 786 corruptae
1342 702 1527 767 criminatus

200 810 299 876 esset,
324 806 435 863 contra
450 794 531 881 legis
546 795 733 859 sententiam
747 793 875 860 lecerit.
920 796 1080 860 Adierent
1095 794 1141 860 illi
1161 800 1201 861 ad
1216 797 1432 862 stabiliendam
1455 819 1529 862 sen·

199 893 331 961 tentiam
355 914 444 957 suam
466 893 526 956 bos
548 891 661 955 lucos:
1389 890 1392 895 ’

285 986 328 1053 C.
351 986 453 1051 XVI.
476 991 508 1063 §-
532 983 585 1048 39.
631 983 958 1068 Dubitutisigitur,
981 980 1132 1062 iudices,
1155 987 1239 1073 qnia
1261 1007 1321 1051 nos
1348 989 1404 1053 Μ.
1428 990 1531 1051 taee-

199 1081 317 1148 nnsis
336 1102 402 1145 auo
421 1078 570 1153 iudicio,
594 1099 664 1143 uon
683 1077 738 1141 ud
758 1078 1022 1143 senteutiam
1042 1080 1171 1165 legis,
1194 1080 1308 1145 retusi
1320 1102 1421 1147 snum
1435 1102 1531 1165 spem

199 1175 354 1262 aliquam
375 1174 416 1238 de
437 1173 572 1237 ciuitate
594 1171 787 1255 delegerit?

267 1260 330 1335 ’0.
351 1267 472 1350 xvtt.
495 1273 527 1347 9.
551 1266 605 1329 tt.
649 1268 770 1351 Neque
796 1288 862 1351 ego
895 1288 985 1331 nuuc
1015 1267 1104 1353 legis
1135 1268 1353 1354 iniquitatem
1385 1292 1528 1356 queror,

200 1359 420 1456 estfactum
449 1372 548 1425 muna
575 1381 599 1423 a
625 1360 842 1453 seutentju
868 1361 982 1446 legis
1011 1362 1116 1429 doceo
1140 1364 1357 1449 discreparee
1392 1375 1426 1429 et
1451 1365 1529 1429 illut

201 1622 233 1678 in
253 1611 369 1675 duabus
387 1623 504 1669 tautum
523 1612 620 1668 omnis
640 1611 713 1695 baec
735 1610 897 1687 disputatio
915 1614 1074 1670 versatur?
1094 1613 1142 1671 hic
1165 1625 1264 1673 autern
1284 1616 1370 1674 locus
1389 1638 1452 1679 non
1471 1641 1526 1679 an·

160 1772 162 1779 y
202 1722 274 1780 ceps
300 1698 366 1758 est?
394 1701 630 1774 permutationes
657 1715 718 1753 uon
743 1695 814 1753 licet
837 1697 890 1753 has
917 1698 949 1752 in
973 1699 1116 1754 utramvis
1141 1710 1258 1775 partem
1283 1703 1423 1762 trahere?
1453 1705 1527 1763 Mihi

201 1804 300 1848 minan
327 1785 434 1868 omnia·
449 1782 652 1842 consideranti
673 1798 770 1857 neque
797 1778 942 1839 dubitatio
969 1785 1088 1858 penitus
1117 1786 1261 1860 eripitur,
1292 1805 1389 1864 neque
1413 1790 1527 1848 codicis

200 1874 266 1933 Eri.
288 1871 471 1939 auctoritas,
493 1886 583 1945 quam
601 1867 796 1944 praecipuam
814 1866 908 1935 duco,
930 1877 960 1924 et
980 1868 1107 1926 aliorsum
1126 1871 1241 1928 mendis
1260 1875 1363 1951 angeri
1384 1873 1529 1951 probabi·

200 1960 260 2018 lius
278 1967 352 2035 puto
372 1972 461 2032 quum
480 1955 585 2011 minui.
624 1951 729 2029 Neque
748 1968 838 2017 vero,
861 1950 942 2027 quod
960 1951 1009 2029 bic
1027 1950 1160 2011 Voltinia
1180 1965 1296 2012 tautum
1315 1976 1351 2014 ac
1364 1957 1529 2017 Terentina

201 2042 371 2122 profertur,
393 2041 566 2117 necessario
580 2037 790 2112 consequitur,
813 2037 886 2094 duas
900 2036 973 2094 alias
987 2035 1083 2095 tribus
1103 2039 1152 2096 edi
1171 2059 1232 2098 nou
1250 2043 1401 2117 potuisse,
1423 2057 1457 2102 nt
1470 2062 1529 2101 nna

200 2132 311 2197 reiecta
331 2137 394 2183 tres
415 2122 543 2199 deniqne
566 2121 742 2189 iudicarent.
785 2121 838 2179 Set
857 2140 895 2179 ne
915 2122 972 2178 alia
994 2125 1091 2180 maior
1110 2135 1140 2181 et
1157 2128 1356 2201 apertissuma
1375 2131 1531 2186 exoriatur

201 2212 418 2291 repugnantia,
433 2206 624 2267 statuendum
636 2206 806 2273 omniuost,
821 2219 1046 2266 accussatorem
1058 2210 1155 2284 priano
1174 2207 1322 2281 tribuum,
1338 2232 1413 2290 quas
1426 2215 1525 2281 vellet,

201 2300 323 2359 nomina
346 2296 412 2372 lege
433 2294 551 2353 Licinia
567 2293 712 2360 edidisse,
733 2311 862 2369 quarum
878 2295 992 2350 reicere
1008 2313 1100 2351 nuaan
1117 2313 1171 2353 reo
1188 2294 1324 2366 licuerit;
1345 2317 1383 2355 ex
1404 2298 1529 2377 reliquis

202 2383 308 2446 deinde
329 2380 413 2440 illum
433 2380 546 2438 iudices
566 2379 727 2456 delegisse,
749 2394 877 2455 qnorum
890 2377 965 2434 reici
981 2396 1068 2435 nemo
1089 2390 1201 2454 posset.
1242 2380 1404 2458 Postquam
1425 2385 1528 2459 igitur,

202 2476 266 2531 sive
289 2467 512 2527 Crustuminam
533 2464 618 2521 malis
636 2464 699 2520 sive
720 2462 866 2520 Maeciam
884 2462 1024 2519 Plancius
1047 2462 1219 2529 reiecisset,
1249 2483 1286 2522 ex
1304 2466 1371 2523 eliis
1390 2467 1529 2526 tribubus

201 2556 316 2615 indices
336 2550 439 2611 babuit
460 2552 648 2626 repentinos.
695 2547 737 2604 At
760 2548 816 2604 boe
835 2558 971 2622 apertum
991 2557 1052 2614 est;
1082 2546 1150 2604 illut
1171 2547 1349 2620 obscurum,
1376 2553 1528 2628 quomodo

202 2640 375 2699 Laterensis
402 2647 516 2693 certam
537 2632 666 2702 tribum,
696 2651 770 2710 «quae
795 2653 811 2689 a
839 2632 963 2689 Plancio
991 2636 1173 2703 reiceretur,
1202 2635 1360 2713 designare
1384 2640 1526 2712 potuerit.

202 2724 315 2783 Eratue
334 2722 398 2798 ipse
419 2722 449 2777 iu
468 2738 502 2777 ea
524 2717 627 2776 tribu?
654 2737 692 2773 nn
715 2717 848 2774 bomines
870 2716 995 2773 Plancio
1017 2735 1155 2774 maxume
1180 2718 1314 2776 inimici?
1339 2720 1424 2779 llaec
1445 2733 1528 2780 certe

202 2809 328 2868 reiectio
356 2823 441 2862 reum
466 2805 537 2861 bant
563 2802 757 2859 mediocriter
779 2797 963 2857 sublevabat.
1004 2800 1118 2857 Tamen
1147 2820 1209 2860 nou
1238 2814 1284 2860 est
1310 2823 1345 2861 eo
1368 2817 1528 2863 contentus

203 2903 324 2960 orator,
345 2900 375 2947 et
394 2886 490 2946 tribus
510 2905 564 2944 ren
582 2887 736 2944 devinctas
757 2884 979 2942 necessitudine
1002 2888 1083 2942 omni
1102 2884 1236 2964 flagitat,
1260 2888 1414 2967 legemque
1434 2894 1530 2968 ipsam

202 2977 368 3041 Liciniam,
394 2975 451 3030 etsi
473 2972 570 3030 videri
591 2991 651 3029 non
672 2970 750 3038 volt,
773 2972 951 3028 anctoritate
965 2982 1086 3028 senatus
1101 2975 1303 3047 expromenda
1317 2977 1406 3032 tacite
1423 2992 1532 3051 repre·

203 3060 322 3126 bendit,
350 3076 425 3135 quae
447 3055 486 3113 ad
508 3056 692 3113 voluntatem
713 3056 820 3112 summi
840 3055 949 3111 consili
968 3059 1135 3132 perscripta
1157 3076 1217 3116 non
1239 3068 1336 3126 esset,
1357 3071 1532 3117 accussato·

202 3164 268 3204 rena
289 3144 352 3200 volt
369 3143 519 3199 senatoris
539 3143 570 3198 iu
590 3140 701 3198 iudicio
719 3158 881 3216 personam
902 3159 1030 3198 susurre.
1073 3140 1126 3199 Set
1147 3143 1198 3200 lex
1214 3162 1307 3219 acqua
1329 3155 1413 3212 erat;
1434 3143 1533 3203 embi-

202 3241 283 3300 tum,
304 3237 418 3304 pestem
434 3229 479 3283 rei
498 3244 527 3301 p.
549 3236 780 3294 taeterrusnam,
800 3235 846 3282 tot
863 3224 944 3302 leges
968 3244 1110 3284 coercere
1132 3246 1195 3286 nou
1217 3239 1376 3304 poteraut;
1403 3231 1531 3288 bonerto

203 3318 293 3373 etiam
314 3311 528 3369 sodaliciorum
552 3313 674 3367 invento
695 3311 815 3367 nominc
835 3309 1007 3385 tegebatur3
1039 3311 1172 3369 remedio
1194 3324 1259 3370 erut
1281 3331 1356 3388 opus
1381 3312 1481 3371 valido
1502 3325 1533 3371 et

203 3399 345 3465 salutari;
365 3413 461 3472 neque
484 3407 581 3452 tamen
599 3394 659 3451 ulla
682 3394 737 3452 luit
755 3413 895 3472 umquam
910 3405 992 3452 tanta
1012 3398 1109 3475 legum
1130 3396 1296 3465 acerbitas,
1319 3416 1395 3475 quae
1417 3410 1532 3474 pestem

202 3484 285 3544 illam
298 3481 496 3558 extingueret.
525 3478 615 3537 Plebs
628 3481 737 3536 etenim
754 3478 913 3555 largitione
926 3480 1194 3556 corrumpebatur,
1213 3499 1307 3559 neque
1322 3484 1354 3538 in
1369 3495 1530 3559 corruptos

202 3586 300 3649 purus
320 3577 401 3633 erat,
425 3577 471 3622 set
491 3565 522 3621 iu
543 3575 758 3645 corruptorem
786 3568 816 3621 iu
837 3565 874 3621 iis
890 3575 989 3622 auteur
1008 3566 1184 3637 ordinibus,
1205 3570 1330 3645 quitum
1343 3566 1527 3635 iudicabant,

202 3654 289 3714 multi
303 3663 408 3720 eraut,
432 3652 483 3728 qui
504 3652 694 3726 magistratus
718 3647 830 3707 ambitu
851 3651 995 3726 consequi
1014 3649 1134 3708 uellent.
1173 3651 1208 3708 Iu
1228 3653 1283 3709 liae
1296 3650 1424 3730 denique
1437 3652 1527 3711 soda-

202 3740 342 3799 liciorum
362 3754 467 3793 caussa
481 3753 550 3792 cnm
563 3738 679 3794 crimen
692 3745 771 3792 esset
784 3734 947 3803 occultius,
969 3734 1006 3791 ad
1023 3754 1170 3792 conmnne
1186 3736 1295 3793 malum
1311 3734 1341 3792 id
1355 3735 1525 3805 accedebat,

204 3823 301 3903 qnod,
326 3824 352 3881 si
374 3820 472 3880 tribus
498 3820 663 3878 edebantur
684 3839 738 3877 ren
760 3821 937 3876 coniunctae
962 3838 1116 3888 maxume,
1143 3821 1378 3893 indulgentiores
1402 3834 1528 3901 propter

203 3907 454 3969 necessitudinem
471 3907 564 3964 futuri
585 3905 699 3965 indices
721 3902 911 3961 videbantur.
951 3903 1017 3961 Lex
1036 3907 1135 3983 itaque
1151 3917 1378 3964 aeruscatorum
1400 3906 1530 3984 diligen·

204 3997 277 4053 dana
304 3995 464 4051 severitate
488 3990 684 4049 adiuvandam
707 3991 839 4057 censuit;
870 4007 926 4046 nos
946 3992 1110 4048 oratoriam
1128 3991 1207 4048 illam
1228 3991 1373 4049 Hortensi
1392 3993 1530 4069 disputa·

203 4081 318 4137 tionem
339 4087 457 4135 acutam
474 4088 504 4134 et
522 4079 707 4153 speciosam,
735 4084 780 4130 set
800 4077 985 4134 accussatori
1002 4076 1075 4133 bant
1090 4079 1163 4134 satis
1180 4077 1283 4135 utilem
1297 4079 1529 4141 existumasunsa

205 4182 294 4243 quam
319 4161 436 4241 quidem
454 4160 562 4219 Cicero
581 4171 678 4218 astute
696 4161 727 4216 iu
748 4176 812 4216 rem
833 4178 918 4216 suana
935 4163 1104 4227 convertit,
1132 4162 1212 4238 quod
1233 4173 1409 4222 accussator
1429 4160 1530 4231 dabat,

205 4250 366 4325 arripiens.
406 4246 484 4304 Nam
503 4246 552 4303 ille
572 4244 609 4302 de
628 4245 792 4302 'ferentina
813 4256 842 4303 et
863 4244 1013 4317 Voltinia,
1037 4263 1111 4323 quas
1130 4266 1190 4304 unu
1211 4247 1365 4316 ediderat,
1387 4252 1532 4307 erimina·

204 4329 312 4401 batnr;
332 4344 502 4408 suspectam
520 4332 637 4390 scilicet
649 4348 751 4389 earum
770 4328 902 4387 tribuum
919 4327 1035 4406 plebeus
1054 4327 1194 4400 habebat,
1210 4343 1296 4389 caute
1310 4333 1425 4391 iudices
1439 4351 1533 4410 repu-

207 4416 354 4475 diaverat.
395 4416 453 4475 Hic
474 4418 683 4475 auctoritatem
702 4425 840 4484 senatus,
861 4433 930 4473 cnm
950 4415 1045 4495 legem
1065 4435 1126 4474 non
1149 4428 1267 4493 posset,
1287 4424 1429 4494 opponit,
1452 4419 1533 4497 quod

207 4499 329 4559 eaedem
342 4501 465 4561 Plancio
478 4513 558 4560 totae
575 4512 676 4559 essent
695 4500 821 4559 deditae.
861 4501 927 4559 Hoc
943 4512 989 4559 cst
1005 4501 1141 4578 prolecto
1162 4503 1198 4561 ad
1218 4507 1424 4563 innocentiam
1443 4515 1533 4562 tuen-

206 4585 275 4643 daau
291 4589 460 4663 egregium
480 4599 526 4645 set
541 4589 662 4646 crimini
679 4585 881 4657 vindicando,
899 4604 987 4663 quarn
1002 4582 1042 4642 ob
1054 4603 1117 4643 rens
1128 4586 1178 4644 lex
1191 4599 1256 4646 erat
1271 4587 1348 4656 lata,
1365 4606 1428 4646 nou
1439 4600 1529 4647 esset.

205 4670 252 4729 lta
272 4673 380 4728 summi
400 4676 530 4730 oratoris
548 4670 708 4731 artilleiuna
723 4673 819 4731 latens
838 4674 970 4744 eruitur,
998 4688 1058 4748 quo
1075 4673 1154 4729 viam
1173 4671 1231 4732 sibi
1251 4678 1408 4734 conmunit
1425 4672 1531 4734 detea-

208 4756 302 4818 aiouis
322 4755 573 4833 surplissusuaar.''
