3202 5318
349 328 355 340 '
485 316 634 385 tunux
653 319 1004 391 PORMULARUM·
1341 331 1401 397 111

80 455 128 521 si
154 457 200 519 de
228 454 454 522 hereditate
482 458 806 545 ambigitur...
834 461 869 526 si
895 482 1118 547 possessor
1138 467 1403 548 sponsionem

82 570 157 616 non
178 547 320 614 faciet.
343 582 384 595 —
406 585 447 599 -
483 553 520 618 Si
551 555 594 617 de
616 555 849 619 hereditate
871 556 1088 641 ambigitur
1109 570 1149 625 et
1169 563 1327 629 tabulae
1349 576 1405 631 te·

79 643 271 709 stemeoti
294 643 533 730 obsignatae
553 668 628 712 noo
650 648 775 712 minus
797 648 934 713 multis
955 650 1104 736 signis,
1137 675 1252 739 quem
1273 678 1293 722 e
1312 659 1404 745 lege

81 748 271 821 oportet,
296 741 342 802 sd
363 761 417 802 me
444 742 731 823 proferentur,
755 747 967 809 secundeum
989 748 1148 812 tebulss
1174 722 1405 821 testsmlnti

79 831 334 916 potissimum
367 835 672 917 possessionem
712 839 826 902 dabo.
881 840 958 903 Hoc
992 840 1182 907 tralaticium
1214 855 1282 908 este
1313 845 1406 932 sequi

77 928 157 992 illud
184 938 334 1010 opertet:
372 927 405 992 si
438 930 598 994 tabulae
626 931 859 996 testamenti
889 954 965 998 noo
995 935 1275 1016 proferentur.
1318 938 1405 1019 Quid
1441 938 1446 947 ’

80 1021 147 1085 ait?
180 1022 227 1085 Se
256 1021 292 1085 ei
320 1024 522 1101 daturum,
559 1023 624 1109 qui
652 1027 761 1090 dicat
789 1029 978 1092 heredem
1010 1049 1112 1094 esse.
1156 1031 1258 1095 Verr.
1280 1033 1402 1099 Accus-

82 1121 121 1194 1,
148 1118 304 1190 15,117.

166 1211 379 1276 Praetoris
413 1210 470 1291 (C.
493 1211 620 1292 Verris)
651 1213 832 1278 edietum
856 1215 1095 1282 Sicilienses
1133 1219 1174 1285 Si
1200 1240 1276 1285 eoo
1305 1222 1405 1286 seci-

79 1304 157 1388 pit.
187 1307 295 1390 quod
316 1316 353 1369 te
374 1308 522 1370 debere
544 1306 662 1384 dicis,
695 1330 877 1384 accuses;
911 1311 944 1374 si
970 1311 1091 1395 petit,
1125 1312 1258 1378 duces.
1301 1313 1403 1381 Vere.

80 1401 204 1464 Accus.
228 1399 267 1475 2,
292 1400 350 1475 12,
375 1400 428 1463 31.
453 1432 495 1447 -
517 1399 559 1463 si
581 1401 647 1483 qui
669 1423 879 1484 perperene
902 1403 1139 1481 iudicasset,
1162 1426 1200 1470 se
1220 1394 1406 1492 cognito-

79 1514 183 1570 rume
216 1515 299 1557 cum
322 1505 565 1579 eognosset,
595 1495 980 1561 anirnadvcrsuruut.
1024 1499 1109 1563 lbid.
1133 1499 1192 1577 13,
1214 1500 1333 1565 33.-
1364 1502 1404 1568 Si

78 1588 177 1672 quid
203 1608 411 1672 perperam
438 1587 626 1653 iudicarit
653 1603 832 1654 senatus.
876 1592 961 1656 lleid.
985 1598 1017 1670 §.
1039 1593 1094 1657 31.
1128 1624 1171 1638 -
1207 1594 1403 1675 Quantum

79 1685 319 1748 decumanus
341 1682 543 1755 edidisset
565 1695 770 1749 aratorem
793 1687 872 1751 silui
888 1688 1185 1752 decumaedare
1200 1699 1402 1770 oportere,

79 1789 120 1840 ut
149 1789 297 1840 tanturn
326 1790 470 1843 arator
499 1781 716 1842 decumano
744 1781 840 1843 dare
868 1793 1110 1865 cogeretur.
1155 1782 1256 1847 Vere.
1280 1784 1403 1851 Aecus.

75 1873 116 1947 3,
142 1875 200 1947 ll),
224 1871 277 1938 25.
301 1909 341 1920 -
365 1873 550 1936 Edictum
574 1875 617 1936 de
639 1873 797 1940 iudicio
818 1874 856 1937 in
879 1877 1099 1958 octuplum.
1135 1839 1221 1940 lleid.
1243 1882 1275 1954 §.
1298 1877 1403 1943 25.-

74 1965 120 2029 si
142 1978 231 2030 uter
253 1968 384 2042 volet,
409 1980 731 2049 recuperatores
754 1970 872 2034 daho.
917 1968 1002 2035 Ibid.
1028 1970 1085 2047 11,
1110 1969 1164 2035 35.
1183 2004 1226 2018 -
1248 1972 1308 2036 Ns
1328 1972 1404 2038 tol·

74 2061 136 2124 lat
157 2082 204 2126 ex
227 2082 335 2138 area,
359 2061 437 2125 nisi
459 2062 535 2125 erit
556 2074 717 2145 pectus.
761 2062 847 2126 Ibid.
871 2071 900 2142 §.
923 2064 979 2128 37.

163 2156 407 2221 Prsetorutn
430 2158 573 2220 edicte.
619 2157 704 2219 Vide
727 2155 1049 2223 consuetudinis
1072 2156 1145 2222 ius.

163 2250 449 2317 Praevaricari
472 2251 719 2316 occursatori.
755 2272 818 2333 pro
842 2250 992 2315 Cluentio
1015 2251 1073 2326 21,
1097 2253 1151 2317 58.

163 2345 529 2411 Praevaricatiooe
551 2346 716 2409 liberatus.
739 2366 800 2426 pro
823 2343 935 2410 Caelio
958 2347 1017 2422 10,
1039 2346 1097 2410 21.

164 2440 499 2504 Ριιιιιιίιιιοι.
536 2439 681 2504 Divinat.
705 2439 762 2514 18,
787 2440 841 2504 58.

162 2532 355 2599 Precatio
385 2534 601 2599 sollemnis
634 2533 671 2596 in
705 2533 902 2599 comitiis.
956 2534 1047 2615 Quae
1076 2533 1264 2613 deprecatus
1293 2554 1312 2601 s
1340 2535 1402 2600 diis

74 2627 309 2693 immortalibus
334 2649 422 2703 etum,
455 2629 590 2704 iudices,
625 2648 714 2691 ruore
737 2628 945 2710 institutoque
969 2626 1122 2690 maiorum
1148 2626 1205 2690 illo
1233 2627 1300 2700 die,
1334 2649 1400 2713 quo

75 2723 259 2807 auspicato,
290 2722 427 2786 corutitiis
449 2721 648 2796 centuriatis,
683 2723 726 2784 L.
747 2722 917 2787 Murenam
941 2721 1101 2784 consulem
1128 2700 1326 2796 renuntiari,
1361 2732 1401 2787 ut

81 2837 120 2882 ea
139 2838 193 2881 res
214 2815 309 2881 milti
332 2816 669 2901 magistratuique
691 2837 792 2890 meo,
816 2816 968 2897 populo
992 2814 1181 2898 plebique
1203 2816 1401 2881 Romsnae

76 2914 173 2975 bene
194 2924 317 2996 atque
339 2912 527 2974 feliciter
549 2911 756 2975 evenireta
781 2913 888 2974 eadem
911 2930 1027 2992 precor
1051 2913 1090 2971 ab
1117 2908 1235 2972 eisdeen
1257 2903 1317 2973 diis
1339 2907 1401 2973 int·

74 3005 263 3071 mortalibus
287 3007 329 3069 ob
352 3005 489 3069 eiusdem
514 3005 651 3070 hominis
666 3006 863 3069 consulatum
883 3026 943 3068 etna
965 3026 1035 3067 eum
1058 3003 1159 3066 salute
1181 3000 1398 3078 obtinendum,

74 3112 109 3165 et
130 3112 165 3163 ut
188 3113 313 3163 vestrae
336 3112 456 3164 mentes
481 3112 577 3184 etque
600 3099 772 3164 sententiae
792 3121 862 3162 curu
884 3098 996 3180 populi
1024 3094 1160 3163 Romani
1186 3096 1400 3160 voluntetibus

74 3194 300 3281 sulfrsgiisque
324 3194 538 3270 consentiant,
574 3216 674 3277 eaque
696 3216 749 3258 res
773 3193 866 3258 uobis
887 3194 1076 3278 populoque
1100 3192 1246 3256 llo-ano
1268 3211 1397 3271 pacem,

75 3288 352 3372 tranquillitatem,
377 3290 474 3352 otium
497 3289 765 3374 concordiamque
787 3289 911 3351 alferat.
957 3287 1052 3368 Quod
1071 3286 1097 3349 si
1115 3283 1167 3347 ills
1189 3284 1400 3349 sollemnis

77 3381 341 3448 comitiorum
364 3383 550 3464 precetin
573 3382 793 3446 consularibus
808 3381 957 3465 auspiciis
972 3389 1157 3445 consecrata
1173 3389 1289 3442 tanum
1306 3380 1400 3444 habet

75 3478 111 3542 in
133 3476 250 3542 serim
274 3489 305 3540 ct
328 3477 533 3561 religionem,
559 3489 706 3561 quantam
731 3477 776 3539 rei
803 3476 948 3558 publicae
968 3474 1106 3559 dignitas
1133 3473 1293 3555 postulate
1315 3471 1399 3537 idest

75 3591 142 3657 ego
162 3593 231 3635 sunt
253 3582 419 3655 precatus,
444 3572 544 3636 uteie
570 3592 698 3655 quoque
717 3571 912 3645 horninibus,
938 3571 1052 3654 quibus
1074 3567 1126 3632 hic
1150 3567 1333 3632 consulatus
1351 3589 1399 3633 me

72 3677 212 3751 rogante
234 3668 324 3729 datus
348 3676 449 3744 esset,
472 3686 508 3727 ea
533 3686 584 3726 res
605 3664 728 3741 fauste,
752 3664 888 3728 feliciter
909 3682 1130 3746 prospereque
1152 3659 1306 3726 eveniret.
1338 3683 1399 3745 pro

74 3764 216 3829 Murena
241 3762 277 3834 1,
303 3762 334 3822 1.
1080 3754 1083 3763 ’

160 3855 314 3919 Precor
338 3851 870 3935 veneroratqueimploro.
895 3850 1109 3926 incutite,
1135 3853 1192 3933 13,
1217 3858 1271 3923 29.

162 3948 337 4021 Precor,
362 3967 534 4031 queeso,
560 3950 761 4011 obtestor.
795 3968 858 4029 pro
881 3948 1056 4024 domum,
1079 3948 1152 4013 111.

161 4040 298 4106 Primo
320 4041 515 4104 iudicare.
559 4041 643 4103 Vide
666 4039 871 4105 ludicare.

160 4134 294 4199 Primo
317 4155 477 4218 quoque
500 4146 685 4216 tempore
707 4135 859 4220 frequens
880 4136 1020 4201 formula
1042 4135 1073 4197 io
1088 4147 1215 4198 senatus
1229 4135 1396 4201 consultis.

74 4231 114 4291 ad
136 4230 208 4293 Au.
232 4230 269 4303 1,
295 4231 353 4304 16,
380 4231 410 4292 5.
456 4228 672 4302 Decrevistis,
697 4241 736 4291 ut
763 4240 802 4292 et
825 4232 867 4293 de
889 4230 1078 4310 praemiis
1102 4229 1267 4294 militurn
1290 4242 1330 4293 et
1352 4231 1398 4293 de

72 4322 297 4387 honoribus
320 4322 610 4406 imperatorum
626 4322 1395 4408 pritooquoquetemporereserretur.

71 4417 219 4500 Philipp.
245 4419 280 4493 5,
306 4418 341 4493 2,
367 4419 398 4480 1.

160 4512 320 4575 Primus
342 4512 467 4576 scivit
490 4512 593 4595 legem
614 4512 653 4574 de
675 4509 851 4593 publicanis
874 4509 1025 4575 Plancius
1046 4521 1150 4592 pater.
1185 4531 1246 4595 pro
1263 4509 1396 4578 Plsocio

75 4606 134 4683 ll,
168 4606 221 4671 35.

159 4700 356 4786 Princeps
378 4700 522 4767 maleficii
539 4698 737 4765 adiutoribus
758 4709 789 4762 et
806 4696 941 4763 consciis
957 4696 1145 4780 opponitur.
1167 4718 1231 4782 pro
1245 4697 1395 4767 Cluentio

74 4792 231 4875 38,.105.
