<?xml version="1.0" encoding="UTF-8"?>
<!DOCTYPE html PUBLIC "-//W3C//DTD XHTML 1.0 Transitional//EN"
    "http://www.w3.org/TR/xhtml1/DTD/xhtml1-transitional.dtd">
<html xmlns="http://www.w3.org/1999/xhtml" xml:lang="en" lang="en">
 <head>
  <title>
</title>
<meta http-equiv="Content-Type" content="text/html;charset=utf-8" />
  <meta name='ocr-system' content='tesseract 3.04.00' />
  <meta name='ocr-capabilities' content='ocr_page ocr_carea ocr_par ocr_line ocrx_word'/>
</head>
<body>
  <div class='ocr_page' id='page_1' title='image "./operaquaesupers05halmgoog/operaquaesupers05halmgoog_0247.png"; bbox 0 0 3202 5318; ppageno 0'>
   <div class='ocr_carea' id='block_1_1' title="bbox 213 290 1072 380">
    <p class='ocr_par' dir='ltr' id='par_1_1' title="bbox 213 290 1072 380">
     <span class='ocr_line' id='line_1_1' title="bbox 213 290 1072 380; baseline -0.008 0"><span class='ocrx_word' id='word_1_1' title='bbox 213 314 275 380; x_wconf 78' lang='lat' dir='ltr'>aas</span> <span class='ocrx_word' id='word_1_2' title='bbox 717 306 869 375; x_wconf 75' lang='lat' dir='ltr'>innox</span> <span class='ocrx_word' id='word_1_3' title='bbox 889 290 1072 375; x_wconf 72' lang='lat' dir='ltr'>chenu.</span> 
     </span>
    </p>
   </div>
   <div class='ocr_carea' id='block_1_2' title="bbox 212 434 1538 632">
    <p class='ocr_par' dir='ltr' id='par_1_2' title="bbox 212 434 1538 632">
     <span class='ocr_line' id='line_1_2' title="bbox 212 434 1538 533; baseline -0.003 -15"><span class='ocrx_word' id='word_1_4' title='bbox 212 455 350 518; x_wconf 72' lang='grc' dir='ltr'><strong>ιἰιὶιιιιιι</strong></span> <span class='ocrx_word' id='word_1_5' title='bbox 380 463 522 517; x_wconf 77' lang='lat' dir='ltr'>seucuis</span> <span class='ocrx_word' id='word_1_6' title='bbox 548 459 612 513; x_wconf 82' lang='lat' dir='ltr'>urst</span> <span class='ocrx_word' id='word_1_7' title='bbox 638 447 857 512; x_wconf 81' lang='lat' dir='ltr'>tribunorum</span> <span class='ocrx_word' id='word_1_8' title='bbox 887 449 996 532; x_wconf 81' lang='lat' dir='ltr'>plebei</span> <span class='ocrx_word' id='word_1_9' title='bbox 1024 448 1139 533; x_wconf 81' lang='lat' dir='ltr'>partis</span> <span class='ocrx_word' id='word_1_10' title='bbox 1170 447 1316 513; x_wconf 76' lang='grc' dir='ltr'>ιιιαὶονίι</span> <span class='ocrx_word' id='word_1_11' title='bbox 1347 434 1538 514; x_wconf 73' lang='lat' dir='ltr'>dedicanti</span> 
     </span>
     <span class='ocr_line' id='line_1_3' title="bbox 216 541 1193 632; baseline -0.007 -17"><span class='ocrx_word' id='word_1_12' title='bbox 216 550 282 615; x_wconf 83' lang='lat' dir='ltr'>lx.</span> <span class='ocrx_word' id='word_1_13' title='bbox 306 547 374 632; x_wconf 78' lang='grc'><strong>46.)</strong></span> <span class='ocrx_word' id='word_1_14' title='bbox 397 544 527 630; x_wconf 77' lang='lat' dir='ltr'>collegit</span> <span class='ocrx_word' id='word_1_15' title='bbox 548 541 683 628; x_wconf 77' lang='lat' dir='ltr'>Pighius</span> <span class='ocrx_word' id='word_1_16' title='bbox 706 542 793 606; x_wconf 83' lang='lat' dir='ltr'>Aun.</span> <span class='ocrx_word' id='word_1_17' title='bbox 818 542 916 606; x_wconf 83' lang='lat' dir='ltr'>Rom.</span> <span class='ocrx_word' id='word_1_18' title='bbox 941 545 984 607; x_wconf 88' lang='grc' dir='ltr'>Τ.</span> <span class='ocrx_word' id='word_1_19' title='bbox 1007 544 1038 608; x_wconf 93' lang='lat'>1.</span> <span class='ocrx_word' id='word_1_20' title='bbox 1061 565 1095 627; x_wconf 90' lang='lat' dir='ltr'>p.</span> <span class='ocrx_word' id='word_1_21' title='bbox 1119 543 1193 608; x_wconf 81' lang='lat'><strong>378.</strong></span> 
     </span>
    </p>
   </div>
   <div class='ocr_carea' id='block_1_3' title="bbox 497 716 1260 788">
    <p class='ocr_par' dir='ltr' id='par_1_3' title="bbox 497 716 1260 788">
     <span class='ocr_line' id='line_1_4' title="bbox 497 716 1260 788; baseline -0.001 -1"><span class='ocrx_word' id='word_1_22' title='bbox 497 723 640 788; x_wconf 76' lang='lat' dir='ltr'>Pariana</span> <span class='ocrx_word' id='word_1_23' title='bbox 662 716 856 783; x_wconf 78' lang='lat' dir='ltr'>tabellaria.</span> <span class='ocrx_word' id='word_1_24' title='bbox 901 717 981 781; x_wconf 89' lang='lat' dir='ltr'>Vid.</span> <span class='ocrx_word' id='word_1_25' title='bbox 1004 722 1260 787; x_wconf 77' lang='lat' dir='ltr'>Taecnnaasan.</span> 
     </span>
    </p>
   </div>
   <div class='ocr_carea' id='block_1_4' title="bbox 463 884 1246 969">
    <p class='ocr_par' dir='ltr' id='par_1_4' title="bbox 463 884 1246 969">
     <span class='ocr_line' id='line_1_5' title="bbox 463 884 1246 969; baseline 0.014 -23"><span class='ocrx_word' id='word_1_26' title='bbox 463 908 466 913; x_wconf 54' lang='lat'><strong><em>⁴</em></strong></span> <span class='ocrx_word' id='word_1_27' title='bbox 509 891 652 956; x_wconf 72' lang='lat' dir='ltr'>Parmae</span> <span class='ocrx_word' id='word_1_28' title='bbox 674 886 716 950; x_wconf 83' lang='lat' dir='ltr'>de</span> <span class='ocrx_word' id='word_1_29' title='bbox 737 885 886 949; x_wconf 80' lang='lat' dir='ltr'>tribunis</span> <span class='ocrx_word' id='word_1_30' title='bbox 904 884 1015 969; x_wconf 84' lang='lat' dir='ltr'>plebis</span> <span class='ocrx_word' id='word_1_31' title='bbox 1036 884 1246 962; x_wconf 76' lang='lat' dir='ltr'>reficiendis.</span> 
     </span>
    </p>
   </div>
   <div class='ocr_carea' id='block_1_5' title="bbox 157 1004 1549 2232">
    <p class='ocr_par' dir='ltr' id='par_1_5' title="bbox 157 1004 1549 2232">
     <span class='ocr_line' id='line_1_6' title="bbox 303 1004 1546 1099; baseline -0.006 -24"><span class='ocrx_word' id='word_1_32' title='bbox 303 1017 410 1095; x_wconf 81' lang='lat' dir='ltr'>„Cum</span> <span class='ocrx_word' id='word_1_33' title='bbox 433 1004 486 1092; x_wconf 75' lang='lat' dir='ltr'>(C.</span> <span class='ocrx_word' id='word_1_34' title='bbox 504 1010 679 1094; x_wconf 78' lang='lat' dir='ltr'>Papirius)</span> <span class='ocrx_word' id='word_1_35' title='bbox 701 1008 814 1074; x_wconf 84' lang='lat' dir='ltr'><strong><em>Carbo</em></strong></span> <span class='ocrx_word' id='word_1_36' title='bbox 831 1007 976 1071; x_wconf 89' lang='lat' dir='ltr'>tribunus</span> <span class='ocrx_word' id='word_1_37' title='bbox 993 1005 1098 1090; x_wconf 90' lang='lat' dir='ltr'>plebis</span> <span class='ocrx_word' id='word_1_38' title='bbox 1120 1009 1164 1087; x_wconf 90' lang='lat' dir='ltr'>(a.</span> <span class='ocrx_word' id='word_1_39' title='bbox 1181 1029 1214 1071; x_wconf 90' lang='grc' dir='ltr'>ιι.</span> <span class='ocrx_word' id='word_1_40' title='bbox 1231 1012 1319 1093; x_wconf 67' lang='lat'><strong>022.)</strong></span> <span class='ocrx_word' id='word_1_41' title='bbox 1340 1012 1546 1099; x_wconf 65' lang='lat' dir='ltr'>rogationem</span> 
     </span>
     <span class='ocr_line' id='line_1_7' title="bbox 216 1101 1543 1187; baseline -0.007 -6"><span class='ocrx_word' id='word_1_42' title='bbox 216 1116 358 1187; x_wconf 87' lang='lat' dir='ltr'>tulisset,</span> <span class='ocrx_word' id='word_1_43' title='bbox 382 1121 420 1174; x_wconf 79' lang='lat' dir='ltr'>ut</span> <span class='ocrx_word' id='word_1_44' title='bbox 442 1107 586 1173; x_wconf 85' lang='lat' dir='ltr'>suadem</span> <span class='ocrx_word' id='word_1_45' title='bbox 614 1103 792 1168; x_wconf 77' lang='lat' dir='ltr'>tribunum</span> <span class='ocrx_word' id='word_1_46' title='bbox 815 1101 908 1185; x_wconf 81' lang='lat' dir='ltr'>plebi</span> <span class='ocrx_word' id='word_1_47' title='bbox 915 1144 925 1178; x_wconf 96' lang='lat'>,</span> <span class='ocrx_word' id='word_1_48' title='bbox 960 1102 1094 1187; x_wconf 81' lang='lat' dir='ltr'>quoties</span> <span class='ocrx_word' id='word_1_49' title='bbox 1117 1103 1235 1178; x_wconf 77' lang='lat' dir='ltr'>uellet,</span> <span class='ocrx_word' id='word_1_50' title='bbox 1269 1123 1389 1172; x_wconf 74' lang='lat' dir='ltr'>creare</span> <span class='ocrx_word' id='word_1_51' title='bbox 1413 1108 1543 1177; x_wconf 71' lang='lat' dir='ltr'>licant,</span> 
     </span>
     <span class='ocr_line' id='line_1_8' title="bbox 209 1195 1547 1295; baseline -0.01 -25"><span class='ocrx_word' id='word_1_52' title='bbox 209 1204 420 1295; x_wconf 73' lang='lat' dir='ltr'><strong>&#39;rogationem</strong></span> <span class='ocrx_word' id='word_1_53' title='bbox 450 1201 518 1266; x_wconf 92' lang='lat' dir='ltr'>eius</span> <span class='ocrx_word' id='word_1_54' title='bbox 550 1202 592 1265; x_wconf 87' lang='lat' dir='ltr'>P.</span> <span class='ocrx_word' id='word_1_55' title='bbox 624 1196 800 1262; x_wconf 82' lang='lat' dir='ltr'>Africanus</span> <span class='ocrx_word' id='word_1_56' title='bbox 830 1195 1017 1280; x_wconf 86' lang='lat' dir='ltr'>gravissima</span> <span class='ocrx_word' id='word_1_57' title='bbox 1051 1196 1199 1260; x_wconf 90' lang='lat' dir='ltr'>oratione</span> <span class='ocrx_word' id='word_1_58' title='bbox 1227 1196 1399 1272; x_wconf 74' lang='lat' dir='ltr'>dissuasit3</span> <span class='ocrx_word' id='word_1_59' title='bbox 1430 1201 1463 1265; x_wconf 73' lang='lat' dir='ltr'>io</span> <span class='ocrx_word' id='word_1_60' title='bbox 1485 1221 1547 1285; x_wconf 76' lang='lat' dir='ltr'>qua</span> 
     </span>
     <span class='ocr_line' id='line_1_9' title="bbox 218 1288 1546 1370; baseline -0.008 -1"><span class='ocrx_word' id='word_1_61' title='bbox 218 1304 297 1369; x_wconf 80' lang='lat' dir='ltr'>dixit</span> <span class='ocrx_word' id='word_1_62' title='bbox 327 1302 381 1364; x_wconf 85' lang='lat' dir='ltr'>Ti.</span> <span class='ocrx_word' id='word_1_63' title='bbox 411 1297 591 1365; x_wconf 86' lang='lat' dir='ltr'>Gracchum</span> <span class='ocrx_word' id='word_1_64' title='bbox 621 1292 691 1357; x_wconf 89' lang='lat' dir='ltr'>iure</span> <span class='ocrx_word' id='word_1_65' title='bbox 714 1311 839 1354; x_wconf 88' lang='lat' dir='ltr'>caesum</span> <span class='ocrx_word' id='word_1_66' title='bbox 864 1289 979 1353; x_wconf 84' lang='lat' dir='ltr'>videri.</span> <span class='ocrx_word' id='word_1_67' title='bbox 1024 1288 1098 1370; x_wconf 85' lang='lat' dir='ltr'><strong>(C.)</strong></span> <span class='ocrx_word' id='word_1_68' title='bbox 1120 1291 1287 1355; x_wconf 76' lang='lat' dir='ltr'>Gracchus</span> <span class='ocrx_word' id='word_1_69' title='bbox 1310 1302 1426 1354; x_wconf 86' lang='lat' dir='ltr'>contra</span> <span class='ocrx_word' id='word_1_70' title='bbox 1448 1295 1546 1359; x_wconf 68' lang='lat' dir='ltr'>sumit</span> 
     </span>
     <span class='ocr_line' id='line_1_10' title="bbox 217 1383 1544 1483; baseline -0.01 -20"><span class='ocrx_word' id='word_1_71' title='bbox 217 1395 439 1483; x_wconf 79' lang='lat' dir='ltr'>rogationem:</span> <span class='ocrx_word' id='word_1_72' title='bbox 464 1393 521 1455; x_wconf 88' lang='lat' dir='ltr'>sed</span> <span class='ocrx_word' id='word_1_73' title='bbox 537 1387 647 1471; x_wconf 85' lang='lat' dir='ltr'>Scipio</span> <span class='ocrx_word' id='word_1_74' title='bbox 667 1384 802 1448; x_wconf 87' lang='lat' dir='ltr'>tenuit.’&#39;</span> <span class='ocrx_word' id='word_1_75' title='bbox 826 1383 904 1447; x_wconf 83' lang='lat' dir='ltr'>Liv.</span> <span class='ocrx_word' id='word_1_76' title='bbox 920 1384 1011 1466; x_wconf 86' lang='lat' dir='ltr'>Epit.</span> <span class='ocrx_word' id='word_1_77' title='bbox 1028 1384 1126 1447; x_wconf 89' lang='lat' dir='ltr'><strong>LIX.</strong></span> <span class='ocrx_word' id='word_1_78' title='bbox 1150 1418 1190 1430; x_wconf 89' lang='lat'>—</span> <span class='ocrx_word' id='word_1_79' title='bbox 1215 1383 1364 1464; x_wconf 85' lang='lat' dir='ltr'>,Quibus</span> <span class='ocrx_word' id='word_1_80' title='bbox 1384 1384 1544 1450; x_wconf 83' lang='lat' dir='ltr'>blanditiis</span> 
     </span>
     <span class='ocr_line' id='line_1_11' title="bbox 216 1476 1545 1572; baseline -0.008 -18"><span class='ocrx_word' id='word_1_81' title='bbox 216 1497 256 1560; x_wconf 81' lang='grc'>0.</span> <span class='ocrx_word' id='word_1_82' title='bbox 280 1487 443 1572; x_wconf 79' lang='lat' dir='ltr'>Papirius</span> <span class='ocrx_word' id='word_1_83' title='bbox 466 1492 568 1566; x_wconf 86' lang='lat' dir='ltr'>nuper</span> <span class='ocrx_word' id='word_1_84' title='bbox 593 1481 744 1544; x_wconf 86' lang='lat' dir='ltr'>influebat</span> <span class='ocrx_word' id='word_1_85' title='bbox 768 1478 800 1540; x_wconf 90' lang='lat' dir='ltr'>in</span> <span class='ocrx_word' id='word_1_86' title='bbox 828 1499 920 1540; x_wconf 87' lang='lat' dir='ltr'>aures</span> <span class='ocrx_word' id='word_1_87' title='bbox 945 1478 1122 1554; x_wconf 89' lang='lat' dir='ltr'>contionis,</span> <span class='ocrx_word' id='word_1_88' title='bbox 1157 1500 1227 1541; x_wconf 90' lang='lat' dir='ltr'>cnm</span> <span class='ocrx_word' id='word_1_89' title='bbox 1253 1476 1357 1540; x_wconf 85' lang='lat' dir='ltr'>ferret</span> <span class='ocrx_word' id='word_1_90' title='bbox 1376 1478 1485 1564; x_wconf 71' lang='lat' dir='ltr'>legens</span> <span class='ocrx_word' id='word_1_91' title='bbox 1503 1480 1545 1544; x_wconf 84' lang='lat' dir='ltr'>de</span> 
     </span>
     <span class='ocr_line' id='line_1_12' title="bbox 216 1569 1544 1664; baseline -0.011 -13"><span class='ocrx_word' id='word_1_92' title='bbox 216 1584 365 1653; x_wconf 84' lang='lat' dir='ltr'>tribunis</span> <span class='ocrx_word' id='word_1_93' title='bbox 384 1578 493 1664; x_wconf 83' lang='lat' dir='ltr'>piebis</span> <span class='ocrx_word' id='word_1_94' title='bbox 514 1574 731 1654; x_wconf 78' lang='lat' dir='ltr'>reficiendis!</span> <span class='ocrx_word' id='word_1_95' title='bbox 763 1571 979 1635; x_wconf 89' lang='lat' dir='ltr'>Dissuasimus</span> <span class='ocrx_word' id='word_1_96' title='bbox 1001 1592 1059 1636; x_wconf 88' lang='lat' dir='ltr'>nos</span> <span class='ocrx_word' id='word_1_97' title='bbox 1083 1572 1120 1652; x_wconf 87' lang='lat' dir='ltr'>(i.</span> <span class='ocrx_word' id='word_1_98' title='bbox 1143 1592 1174 1635; x_wconf 92' lang='lat' dir='ltr'>e.</span> <span class='ocrx_word' id='word_1_99' title='bbox 1198 1569 1309 1653; x_wconf 86' lang='lat' dir='ltr'>Scipio</span> <span class='ocrx_word' id='word_1_100' title='bbox 1331 1582 1364 1633; x_wconf 90' lang='lat' dir='ltr'>et</span> <span class='ocrx_word' id='word_1_101' title='bbox 1385 1573 1544 1664; x_wconf 79' lang='lat' dir='ltr'>Laelius).</span> 
     </span>
     <span class='ocr_line' id='line_1_13' title="bbox 218 1663 1546 1751; baseline -0.01 -7"><span class='ocrx_word' id='word_1_102' title='bbox 218 1682 282 1744; x_wconf 90' lang='lat' dir='ltr'>Sed</span> <span class='ocrx_word' id='word_1_103' title='bbox 304 1676 381 1741; x_wconf 85' lang='lat' dir='ltr'>nihil</span> <span class='ocrx_word' id='word_1_104' title='bbox 405 1677 443 1737; x_wconf 88' lang='lat' dir='ltr'>de</span> <span class='ocrx_word' id='word_1_105' title='bbox 465 1691 533 1735; x_wconf 84' lang='lat' dir='ltr'>me:</span> <span class='ocrx_word' id='word_1_106' title='bbox 558 1674 597 1732; x_wconf 89' lang='lat' dir='ltr'>de</span> <span class='ocrx_word' id='word_1_107' title='bbox 617 1667 768 1751; x_wconf 82' lang='lat' dir='ltr'>Scipione</span> <span class='ocrx_word' id='word_1_108' title='bbox 788 1666 887 1728; x_wconf 89' lang='lat' dir='ltr'>dicam</span> <span class='ocrx_word' id='word_1_109' title='bbox 913 1666 1075 1736; x_wconf 85' lang='lat' dir='ltr'>libentius.</span> <span class='ocrx_word' id='word_1_110' title='bbox 1121 1667 1246 1747; x_wconf 75' lang='lat' dir='ltr'>Quianta</span> <span class='ocrx_word' id='word_1_111' title='bbox 1265 1663 1327 1742; x_wconf 84' lang='lat' dir='ltr'>itti,</span> <span class='ocrx_word' id='word_1_112' title='bbox 1352 1665 1395 1728; x_wconf 91' lang='lat' dir='ltr'>dii</span> <span class='ocrx_word' id='word_1_113' title='bbox 1413 1666 1546 1732; x_wconf 82' lang='lat' dir='ltr'>immor·</span> 
     </span>
     <span class='ocr_line' id='line_1_14' title="bbox 173 1755 1547 1853; baseline -0.009 -15"><span class='ocrx_word' id='word_1_114' title='bbox 173 1755 176 1762; x_wconf 38' lang='lat'><strong><em>¹</em></strong></span> <span class='ocrx_word' id='word_1_115' title='bbox 217 1775 311 1838; x_wconf 83' lang='lat' dir='ltr'>tales!</span> <span class='ocrx_word' id='word_1_116' title='bbox 343 1769 404 1833; x_wconf 83' lang='lat' dir='ltr'>fuit</span> <span class='ocrx_word' id='word_1_117' title='bbox 429 1765 589 1853; x_wconf 75' lang='lat' dir='ltr'>gravitas,</span> <span class='ocrx_word' id='word_1_118' title='bbox 614 1772 733 1846; x_wconf 82' lang='lat' dir='ltr'>qiianta</span> <span class='ocrx_word' id='word_1_119' title='bbox 759 1761 789 1824; x_wconf 89' lang='lat' dir='ltr'>in</span> <span class='ocrx_word' id='word_1_120' title='bbox 812 1758 957 1825; x_wconf 88' lang='lat' dir='ltr'>oratione</span> <span class='ocrx_word' id='word_1_121' title='bbox 982 1760 1144 1824; x_wconf 86' lang='lat' dir='ltr'>maiestas!</span> <span class='ocrx_word' id='word_1_122' title='bbox 1168 1772 1204 1822; x_wconf 93' lang='lat' dir='ltr'>ut</span> <span class='ocrx_word' id='word_1_123' title='bbox 1228 1759 1323 1823; x_wconf 78' lang='lat' dir='ltr'>facile</span> <span class='ocrx_word' id='word_1_124' title='bbox 1350 1761 1462 1823; x_wconf 85' lang='lat' dir='ltr'>ducem</span> <span class='ocrx_word' id='word_1_125' title='bbox 1485 1780 1547 1843; x_wconf 89' lang='lat' dir='ltr'>pc·</span> 
     </span>
     <span class='ocr_line' id='line_1_15' title="bbox 216 1853 1547 1950; baseline -0.008 -21"><span class='ocrx_word' id='word_1_126' title='bbox 216 1865 286 1950; x_wconf 88' lang='lat' dir='ltr'>puli</span> <span class='ocrx_word' id='word_1_127' title='bbox 308 1862 463 1936; x_wconf 79' lang='lat' dir='ltr'>Rnniani,</span> <span class='ocrx_word' id='word_1_128' title='bbox 493 1881 558 1923; x_wconf 87' lang='lat' dir='ltr'>uon</span> <span class='ocrx_word' id='word_1_129' title='bbox 587 1855 736 1920; x_wconf 87' lang='lat' dir='ltr'>comitem</span> <span class='ocrx_word' id='word_1_130' title='bbox 760 1854 897 1916; x_wconf 87' lang='lat' dir='ltr'>diceres.</span> <span class='ocrx_word' id='word_1_131' title='bbox 942 1854 1007 1916; x_wconf 90' lang='lat' dir='ltr'>Sed</span> <span class='ocrx_word' id='word_1_132' title='bbox 1029 1854 1180 1930; x_wconf 78' lang='lat' dir='ltr'>affuistis,</span> <span class='ocrx_word' id='word_1_133' title='bbox 1212 1865 1244 1915; x_wconf 90' lang='lat' dir='ltr'>et</span> <span class='ocrx_word' id='word_1_134' title='bbox 1270 1867 1317 1917; x_wconf 92' lang='lat' dir='ltr'>est</span> <span class='ocrx_word' id='word_1_135' title='bbox 1344 1853 1377 1917; x_wconf 88' lang='lat' dir='ltr'>in</span> <span class='ocrx_word' id='word_1_136' title='bbox 1403 1854 1547 1929; x_wconf 80' lang='lat' dir='ltr'>manibus</span> 
     </span>
     <span class='ocr_line' id='line_1_16' title="bbox 157 1947 1549 2041; baseline -0.009 -14"><span class='ocrx_word' id='word_1_137' title='bbox 157 1948 161 1957; x_wconf 44' lang='lat'><em>⁵</em></span> <span class='ocrx_word' id='word_1_138' title='bbox 218 1961 337 2027; x_wconf 87' lang='lat' dir='ltr'>oratio.</span> <span class='ocrx_word' id='word_1_139' title='bbox 359 1959 473 2041; x_wconf 85' lang='lat' dir='ltr'>ltaque</span> <span class='ocrx_word' id='word_1_140' title='bbox 485 1956 538 2019; x_wconf 86' lang='lat' dir='ltr'>iex</span> <span class='ocrx_word' id='word_1_141' title='bbox 553 1950 719 2035; x_wconf 87' lang='lat' dir='ltr'>popularis</span> <span class='ocrx_word' id='word_1_142' title='bbox 734 1947 896 2031; x_wconf 82' lang='lat' dir='ltr'>suffragiis</span> <span class='ocrx_word' id='word_1_143' title='bbox 910 1947 1022 2030; x_wconf 82' lang='lat' dir='ltr'>populi</span> <span class='ocrx_word' id='word_1_144' title='bbox 1034 1950 1198 2030; x_wconf 88' lang='lat' dir='ltr'>repudiata</span> <span class='ocrx_word' id='word_1_145' title='bbox 1214 1948 1297 2011; x_wconf 87' lang='lat' dir='ltr'>est.”</span> <span class='ocrx_word' id='word_1_146' title='bbox 1320 1948 1415 2013; x_wconf 82' lang='lat' dir='ltr'>Laei.</span> <span class='ocrx_word' id='word_1_147' title='bbox 1426 1948 1549 2026; x_wconf 59' lang='lat' dir='ltr'>dmi.</span> 
     </span>
     <span class='ocr_line' id='line_1_17' title="bbox 219 2042 1547 2139; baseline -0.009 -20"><span class='ocrx_word' id='word_1_148' title='bbox 219 2112 226 2127; x_wconf 27' lang='grc' dir='ltr'><strong>Χ</strong></span> <span class='ocrx_word' id='word_1_149' title='bbox 302 2056 495 2139; x_wconf 72' lang='lat' dir='ltr'>Fragmenta</span> <span class='ocrx_word' id='word_1_150' title='bbox 524 2046 679 2113; x_wconf 87' lang='lat' dir='ltr'>orationis</span> <span class='ocrx_word' id='word_1_151' title='bbox 704 2043 745 2109; x_wconf 93' lang='lat' dir='ltr'>C.</span> <span class='ocrx_word' id='word_1_152' title='bbox 768 2043 925 2117; x_wconf 78' lang='lat' dir='ltr'>Gracchi,</span> <span class='ocrx_word' id='word_1_153' title='bbox 958 2044 1095 2106; x_wconf 70' lang='lat' dir='ltr'>artilex</span> <span class='ocrx_word' id='word_1_154' title='bbox 1115 2043 1261 2126; x_wconf 80' lang='lat' dir='ltr'>Papiria</span> <span class='ocrx_word' id='word_1_155' title='bbox 1282 2042 1497 2127; x_wconf 68' lang='lat' dir='ltr'>accipiatur,</span> <span class='ocrx_word' id='word_1_156' title='bbox 1529 2066 1547 2107; x_wconf 98' lang='lat' dir='ltr'>e</span> 
     </span>
     <span class='ocr_line' id='line_1_18' title="bbox 219 2138 1547 2232; baseline -0.011 -14"><span class='ocrx_word' id='word_1_157' title='bbox 219 2149 366 2218; x_wconf 85' lang='lat' dir='ltr'>Charisio</span> <span class='ocrx_word' id='word_1_158' title='bbox 380 2143 587 2232; x_wconf 85' lang='lat' dir='ltr'>grammatico</span> <span class='ocrx_word' id='word_1_159' title='bbox 604 2144 767 2223; x_wconf 87' lang='lat' dir='ltr'>desumpta</span> <span class='ocrx_word' id='word_1_160' title='bbox 784 2138 849 2200; x_wconf 86' lang='lat' dir='ltr'>vid.</span> <span class='ocrx_word' id='word_1_161' title='bbox 866 2140 951 2220; x_wconf 90' lang='lat' dir='ltr'>apud</span> <span class='ocrx_word' id='word_1_162' title='bbox 962 2138 1133 2218; x_wconf 86' lang='lat' dir='ltr'>Meyerum</span> <span class='ocrx_word' id='word_1_163' title='bbox 1146 2139 1242 2202; x_wconf 87' lang='lat' dir='ltr'>Orat.</span> <span class='ocrx_word' id='word_1_164' title='bbox 1256 2138 1354 2202; x_wconf 85' lang='lat' dir='ltr'>Rom.</span> <span class='ocrx_word' id='word_1_165' title='bbox 1369 2159 1404 2222; x_wconf 95' lang='lat' dir='ltr'>p.</span> <span class='ocrx_word' id='word_1_166' title='bbox 1418 2139 1481 2202; x_wconf 72' lang='lat' dir='ltr'>dib</span> <span class='ocrx_word' id='word_1_167' title='bbox 1494 2161 1547 2226; x_wconf 77' lang='lat' dir='ltr'>sq.</span> 
     </span>
    </p>
   </div>
   <div class='ocr_carea' id='block_1_6' title="bbox 394 2316 1478 2572">
    <p class='ocr_par' dir='ltr' id='par_1_6' title="bbox 394 2316 1478 2572">
     <span class='ocr_line' id='line_1_19' title="bbox 477 2316 1287 2392; baseline -0.004 -6"><span class='ocrx_word' id='word_1_168' title='bbox 477 2325 619 2392; x_wconf 82' lang='lat' dir='ltr'>Partuta</span> <span class='ocrx_word' id='word_1_169' title='bbox 642 2331 675 2383; x_wconf 90' lang='lat' dir='ltr'>et</span> <span class='ocrx_word' id='word_1_170' title='bbox 696 2318 808 2389; x_wconf 77' lang='lat' dir='ltr'>lucta.</span> <span class='ocrx_word' id='word_1_171' title='bbox 851 2316 930 2380; x_wconf 91' lang='lat' dir='ltr'>Vid.</span> <span class='ocrx_word' id='word_1_172' title='bbox 955 2317 1054 2380; x_wconf 74' lang='lat' dir='ltr'>Iusta</span> <span class='ocrx_word' id='word_1_173' title='bbox 1077 2327 1110 2381; x_wconf 90' lang='lat' dir='ltr'>et</span> <span class='ocrx_word' id='word_1_174' title='bbox 1131 2317 1287 2383; x_wconf 80' lang='grc' dir='ltr'><strong>Ριιιιιιιιι.</strong></span> 
     </span>
     <span class='ocr_line' id='line_1_20' title="bbox 394 2486 1478 2572; baseline -0.008 -3"><span class='ocrx_word' id='word_1_175' title='bbox 394 2507 538 2572; x_wconf 74' lang='lat' dir='ltr'>Pariana</span> <span class='ocrx_word' id='word_1_176' title='bbox 561 2513 592 2564; x_wconf 89' lang='lat' dir='ltr'>et</span> <span class='ocrx_word' id='word_1_177' title='bbox 616 2501 806 2565; x_wconf 72' lang='lat' dir='ltr'>Possem.</span> <span class='ocrx_word' id='word_1_178' title='bbox 849 2495 930 2559; x_wconf 88' lang='lat' dir='ltr'>Vid.</span> <span class='ocrx_word' id='word_1_179' title='bbox 953 2497 1132 2561; x_wconf 70' lang='lat' dir='ltr'>Poemenis</span> <span class='ocrx_word' id='word_1_180' title='bbox 1153 2507 1185 2559; x_wconf 88' lang='lat' dir='ltr'>et</span> <span class='ocrx_word' id='word_1_181' title='bbox 1206 2498 1364 2563; x_wconf 71' lang='lat' dir='ltr'>Pertusa.</span> <span class='ocrx_word' id='word_1_182' title='bbox 1473 2486 1478 2499; x_wconf 79' lang='grc'><strong>’</strong></span> 
     </span>
    </p>
   </div>
   <div class='ocr_carea' id='block_1_7' title="bbox 152 2674 1544 3047">
    <p class='ocr_par' dir='ltr' id='par_1_7' title="bbox 152 2674 1544 3047">
     <span class='ocr_line' id='line_1_21' title="bbox 302 2674 1541 2759; baseline -0.007 -9"><span class='ocrx_word' id='word_1_183' title='bbox 302 2685 355 2750; x_wconf 78' lang='lat' dir='ltr'>Dc</span> <span class='ocrx_word' id='word_1_184' title='bbox 378 2685 538 2747; x_wconf 81' lang='lat' dir='ltr'>Pacuuns</span> <span class='ocrx_word' id='word_1_185' title='bbox 564 2680 792 2743; x_wconf 77' lang='lat' dir='ltr'>Raaeauunis:</span> <span class='ocrx_word' id='word_1_186' title='bbox 830 2674 1036 2759; x_wconf 80' lang='lat' dir='ltr'>Calpurnia,</span> <span class='ocrx_word' id='word_1_187' title='bbox 1065 2674 1198 2750; x_wconf 78' lang='lat' dir='ltr'>Acitia,</span> <span class='ocrx_word' id='word_1_188' title='bbox 1222 2675 1541 2756; x_wconf 80' lang='lat' dir='ltr'>(lunia)Serci1ic,</span> 
     </span>
     <span class='ocr_line' id='line_1_22' title="bbox 152 2768 1543 2855; baseline -0.009 -8"><span class='ocrx_word' id='word_1_189' title='bbox 152 2796 155 2801; x_wconf 88' lang='grc'><strong>’</strong></span> <span class='ocrx_word' id='word_1_190' title='bbox 218 2778 394 2851; x_wconf 84' lang='lat' dir='ltr'>Cornelia,</span> <span class='ocrx_word' id='word_1_191' title='bbox 423 2775 525 2843; x_wconf 82' lang='lat' dir='ltr'>Iulia.</span> <span class='ocrx_word' id='word_1_192' title='bbox 572 2773 632 2835; x_wconf 85' lang='lat' dir='ltr'>His</span> <span class='ocrx_word' id='word_1_193' title='bbox 661 2770 787 2855; x_wconf 85' lang='lat' dir='ltr'>legibus</span> <span class='ocrx_word' id='word_1_194' title='bbox 818 2772 891 2853; x_wconf 85' lang='lat' dir='ltr'>qiud</span> <span class='ocrx_word' id='word_1_195' title='bbox 926 2770 956 2831; x_wconf 93' lang='lat' dir='ltr'>in</span> <span class='ocrx_word' id='word_1_196' title='bbox 984 2768 1164 2833; x_wconf 86' lang='lat' dir='ltr'>universum</span> <span class='ocrx_word' id='word_1_197' title='bbox 1193 2769 1401 2833; x_wconf 86' lang='lat' dir='ltr'>constitutum</span> <span class='ocrx_word' id='word_1_198' title='bbox 1430 2769 1543 2849; x_wconf 85' lang='lat' dir='ltr'>fuerit,</span> 
     </span>
     <span class='ocr_line' id='line_1_23' title="bbox 217 2863 1544 2958; baseline -0.006 -22"><span class='ocrx_word' id='word_1_199' title='bbox 217 2874 349 2958; x_wconf 77' lang='lat' dir='ltr'>egregie</span> <span class='ocrx_word' id='word_1_200' title='bbox 384 2871 491 2934; x_wconf 90' lang='lat' dir='ltr'>docuit</span> <span class='ocrx_word' id='word_1_201' title='bbox 525 2865 567 2933; x_wconf 93' lang='lat' dir='ltr'>C.</span> <span class='ocrx_word' id='word_1_202' title='bbox 600 2866 645 2929; x_wconf 86' lang='grc' dir='ltr'>Α.</span> <span class='ocrx_word' id='word_1_203' title='bbox 677 2864 719 2929; x_wconf 92' lang='lat' dir='ltr'>C.</span> <span class='ocrx_word' id='word_1_204' title='bbox 750 2863 906 2926; x_wconf 84' lang='lat' dir='ltr'>Kicuze</span> <span class='ocrx_word' id='word_1_205' title='bbox 941 2863 986 2941; x_wconf 89' lang='lat' dir='ltr'>(in</span> <span class='ocrx_word' id='word_1_206' title='bbox 1015 2864 1168 2948; x_wconf 83' lang='lat' dir='ltr'>prolegg.</span> <span class='ocrx_word' id='word_1_207' title='bbox 1191 2865 1231 2926; x_wconf 91' lang='lat' dir='ltr'>ad</span> <span class='ocrx_word' id='word_1_208' title='bbox 1258 2863 1440 2948; x_wconf 72' lang='lat' dir='ltr'>fragmenta</span> <span class='ocrx_word' id='word_1_209' title='bbox 1462 2864 1544 2950; x_wconf 79' lang='lat' dir='ltr'>legis</span> 
     </span>
     <span class='ocr_line' id='line_1_24' title="bbox 220 2957 854 3047; baseline -0.017 -16"><span class='ocrx_word' id='word_1_210' title='bbox 220 2967 376 3031; x_wconf 78' lang='lat' dir='ltr'>Serviliae</span> <span class='ocrx_word' id='word_1_211' title='bbox 398 2987 430 3047; x_wconf 88' lang='lat' dir='ltr'>p.</span> <span class='ocrx_word' id='word_1_212' title='bbox 452 2963 504 3026; x_wconf 83' lang='lat' dir='ltr'>XI</span> <span class='ocrx_word' id='word_1_213' title='bbox 527 2962 635 3044; x_wconf 83' lang='lat' dir='ltr'>seqq.)</span> <span class='ocrx_word' id='word_1_214' title='bbox 657 2957 707 3021; x_wconf 87' lang='lat' dir='ltr'>his</span> <span class='ocrx_word' id='word_1_215' title='bbox 731 2958 854 3020; x_wconf 86' lang='lat' dir='ltr'>verbis:</span> 
     </span>
    </p>
   </div>
   <div class='ocr_carea' id='block_1_8' title="bbox 162 3079 1548 4862">
    <p class='ocr_par' dir='ltr' id='par_1_8' title="bbox 162 3079 1547 4386">
     <span class='ocr_line' id='line_1_25' title="bbox 303 3079 1546 3168; baseline -0.004 -17"><span class='ocrx_word' id='word_1_216' title='bbox 303 3083 462 3151; x_wconf 77' lang='lat' dir='ltr'>Pecuniae</span> <span class='ocrx_word' id='word_1_217' title='bbox 491 3083 688 3163; x_wconf 87' lang='lat' dir='ltr'>repetundae</span> <span class='ocrx_word' id='word_1_218' title='bbox 715 3081 746 3142; x_wconf 91' lang='lat' dir='ltr'>in</span> <span class='ocrx_word' id='word_1_219' title='bbox 773 3100 892 3164; x_wconf 89' lang='lat' dir='ltr'>genere</span> <span class='ocrx_word' id='word_1_220' title='bbox 915 3079 1040 3162; x_wconf 88' lang='lat' dir='ltr'>quidem</span> <span class='ocrx_word' id='word_1_221' title='bbox 1068 3089 1200 3142; x_wconf 86' lang='lat' dir='ltr'>vocatae</span> <span class='ocrx_word' id='word_1_222' title='bbox 1225 3090 1298 3142; x_wconf 77' lang='lat' dir='ltr'>stent</span> <span class='ocrx_word' id='word_1_223' title='bbox 1327 3082 1427 3158; x_wconf 88' lang='lat' dir='ltr'>dona,</span> <span class='ocrx_word' id='word_1_224' title='bbox 1463 3103 1546 3168; x_wconf 84' lang='lat' dir='ltr'>quae</span> 
     </span>
     <span class='ocr_line' id='line_1_26' title="bbox 218 3175 1546 3266; baseline -0.003 -22"><span class='ocrx_word' id='word_1_225' title='bbox 218 3181 419 3266; x_wconf 72' lang='lat' dir='ltr'>magistratus</span> <span class='ocrx_word' id='word_1_226' title='bbox 444 3179 474 3240; x_wconf 93' lang='lat' dir='ltr'>iu</span> <span class='ocrx_word' id='word_1_227' title='bbox 499 3175 606 3240; x_wconf 89' lang='lat' dir='ltr'>officio</span> <span class='ocrx_word' id='word_1_228' title='bbox 625 3175 748 3256; x_wconf 89' lang='lat' dir='ltr'>accepit</span> <span class='ocrx_word' id='word_1_229' title='bbox 769 3177 899 3251; x_wconf 83' lang='lat' dir='ltr'>(nouum</span> <span class='ocrx_word' id='word_1_230' title='bbox 923 3197 965 3235; x_wconf 81' lang='lat' dir='ltr'>ua</span> <span class='ocrx_word' id='word_1_231' title='bbox 990 3194 1171 3250; x_wconf 79' lang='lat' dir='ltr'>cariuurc,</span> <span class='ocrx_word' id='word_1_232' title='bbox 1196 3194 1283 3235; x_wconf 77' lang='lat' dir='ltr'>aare</span> <span class='ocrx_word' id='word_1_233' title='bbox 1306 3195 1434 3250; x_wconf 75' lang='lat' dir='ltr'>narro,</span> <span class='ocrx_word' id='word_1_234' title='bbox 1459 3198 1546 3241; x_wconf 77' lang='lat' dir='ltr'>aava</span> 
     </span>
     <span class='ocr_line' id='line_1_27' title="bbox 219 3267 1546 3355; baseline -0.005 -15"><span class='ocrx_word' id='word_1_235' title='bbox 219 3297 387 3349; x_wconf 69' lang='lat' dir='ltr'>seranna,</span> <span class='ocrx_word' id='word_1_236' title='bbox 421 3295 507 3335; x_wconf 77' lang='lat' dir='ltr'>urea,</span> <span class='ocrx_word' id='word_1_237' title='bbox 539 3290 709 3342; x_wconf 75' lang='lat' dir='ltr'>cernuus,</span> <span class='ocrx_word' id='word_1_238' title='bbox 745 3290 832 3329; x_wconf 74' lang='lat' dir='ltr'>aare</span> <span class='ocrx_word' id='word_1_239' title='bbox 863 3290 966 3330; x_wconf 80' lang='lat' dir='ltr'>oesra</span> <span class='ocrx_word' id='word_1_240' title='bbox 997 3290 1204 3332; x_wconf 79' lang='lat' dir='ltr'>rorasrara.</span> <span class='ocrx_word' id='word_1_241' title='bbox 1250 3267 1321 3332; x_wconf 91' lang='lat' dir='ltr'>Cic.</span> <span class='ocrx_word' id='word_1_242' title='bbox 1351 3271 1389 3331; x_wconf 85' lang='lat' dir='ltr'>de</span> <span class='ocrx_word' id='word_1_243' title='bbox 1421 3269 1546 3355; x_wconf 80' lang='lat' dir='ltr'>legibus</span> 
     </span>
     <span class='ocr_line' id='line_1_28' title="bbox 162 3356 1545 3450; baseline -0.002 -17"><span class='ocrx_word' id='word_1_244' title='bbox 162 3356 167 3364; x_wconf 46' lang='lat'>⁵</span> <span class='ocrx_word' id='word_1_245' title='bbox 218 3370 449 3450; x_wconf 77' lang='lat' dir='ltr'>111.4.);sed</span> <span class='ocrx_word' id='word_1_246' title='bbox 475 3377 637 3448; x_wconf 86' lang='lat' dir='ltr'>praeterea</span> <span class='ocrx_word' id='word_1_247' title='bbox 662 3363 792 3444; x_wconf 87' lang='lat' dir='ltr'>nequis</span> <span class='ocrx_word' id='word_1_248' title='bbox 819 3364 973 3425; x_wconf 86' lang='lat' dir='ltr'>adversus</span> <span class='ocrx_word' id='word_1_249' title='bbox 1000 3363 1086 3447; x_wconf 84' lang='lat' dir='ltr'>leges</span> <span class='ocrx_word' id='word_1_250' title='bbox 1114 3365 1197 3426; x_wconf 85' lang='lat' dir='ltr'>dona</span> <span class='ocrx_word' id='word_1_251' title='bbox 1221 3374 1251 3424; x_wconf 91' lang='lat' dir='ltr'>et</span> <span class='ocrx_word' id='word_1_252' title='bbox 1276 3385 1404 3428; x_wconf 86' lang='lat' dir='ltr'>numera</span> <span class='ocrx_word' id='word_1_253' title='bbox 1431 3365 1545 3431; x_wconf 80' lang='lat' dir='ltr'>fictitio</span> 
     </span>
     <span class='ocr_line' id='line_1_29' title="bbox 219 3456 1544 3541; baseline -0.002 -15"><span class='ocrx_word' id='word_1_254' title='bbox 219 3463 346 3528; x_wconf 74' lang='lat' dir='ltr'>noiiiiue</span> <span class='ocrx_word' id='word_1_255' title='bbox 376 3462 407 3523; x_wconf 86' lang='lat' dir='ltr'>vi</span> <span class='ocrx_word' id='word_1_256' title='bbox 432 3462 563 3522; x_wconf 84' lang='lat' dir='ltr'>minisve</span> <span class='ocrx_word' id='word_1_257' title='bbox 591 3469 815 3539; x_wconf 78' lang='lat' dir='ltr'>extorqueret,</span> <span class='ocrx_word' id='word_1_258' title='bbox 852 3456 1005 3519; x_wconf 88' lang='lat' dir='ltr'>eiusmodi</span> <span class='ocrx_word' id='word_1_259' title='bbox 1036 3458 1185 3538; x_wconf 86' lang='lat' dir='ltr'>pecuniae</span> <span class='ocrx_word' id='word_1_260' title='bbox 1221 3457 1250 3517; x_wconf 89' lang='lat' dir='ltr'>in</span> <span class='ocrx_word' id='word_1_261' title='bbox 1288 3456 1431 3521; x_wconf 82' lang='lat' dir='ltr'>iraiidem</span> <span class='ocrx_word' id='word_1_262' title='bbox 1463 3460 1544 3541; x_wconf 85' lang='lat' dir='ltr'>legis</span> 
     </span>
     <span class='ocr_line' id='line_1_30' title="bbox 219 3550 1543 3637; baseline -0.002 -18"><span class='ocrx_word' id='word_1_263' title='bbox 219 3570 346 3637; x_wconf 88' lang='lat' dir='ltr'>ereptae</span> <span class='ocrx_word' id='word_1_264' title='bbox 376 3556 485 3617; x_wconf 86' lang='lat' dir='ltr'>eodeni</span> <span class='ocrx_word' id='word_1_265' title='bbox 516 3572 649 3615; x_wconf 81' lang='lat' dir='ltr'>nituiern</span> <span class='ocrx_word' id='word_1_266' title='bbox 680 3551 804 3613; x_wconf 90' lang='lat' dir='ltr'>habitae</span> <span class='ocrx_word' id='word_1_267' title='bbox 834 3551 1002 3634; x_wconf 75' lang='lat' dir='ltr'>iuiiltisque</span> <span class='ocrx_word' id='word_1_268' title='bbox 1036 3553 1140 3614; x_wconf 90' lang='lat' dir='ltr'>verbis</span> <span class='ocrx_word' id='word_1_269' title='bbox 1170 3550 1430 3635; x_wconf 85' lang='lat' dir='ltr'>circumscriptae</span> <span class='ocrx_word' id='word_1_270' title='bbox 1457 3564 1543 3617; x_wconf 88' lang='lat' dir='ltr'>sunt.</span> 
     </span>
     <span class='ocr_line' id='line_1_31' title="bbox 220 3646 1541 3734; baseline -0.002 -22"><span class='ocrx_word' id='word_1_271' title='bbox 220 3651 442 3734; x_wconf 74' lang='lat' dir='ltr'>Quodcunque</span> <span class='ocrx_word' id='word_1_272' title='bbox 464 3646 545 3711; x_wconf 89' lang='lat' dir='ltr'>enim</span> <span class='ocrx_word' id='word_1_273' title='bbox 567 3667 725 3707; x_wconf 73' lang='lat' dir='ltr'>accurunt</span> <span class='ocrx_word' id='word_1_274' title='bbox 749 3666 883 3706; x_wconf 77' lang='lat' dir='ltr'>carauni</span> <span class='ocrx_word' id='word_1_275' title='bbox 907 3665 1065 3708; x_wconf 79' lang='lat' dir='ltr'>ccacrust</span> <span class='ocrx_word' id='word_1_276' title='bbox 1088 3665 1319 3709; x_wconf 74' lang='lat' dir='ltr'>concinnarunt</span> <span class='ocrx_word' id='word_1_277' title='bbox 1343 3668 1541 3711; x_wconf 77' lang='lat' dir='ltr'>aroasuaere</span> 
     </span>
     <span class='ocr_line' id='line_1_32' title="bbox 219 3739 1543 3825; baseline -0.004 -15"><span class='ocrx_word' id='word_1_278' title='bbox 219 3745 348 3816; x_wconf 79' lang='lat' dir='ltr'>suisset,</span> <span class='ocrx_word' id='word_1_279' title='bbox 379 3746 416 3804; x_wconf 90' lang='lat' dir='ltr'>dc</span> <span class='ocrx_word' id='word_1_280' title='bbox 440 3763 479 3805; x_wconf 89' lang='lat' dir='ltr'>eo</span> <span class='ocrx_word' id='word_1_281' title='bbox 506 3763 545 3804; x_wconf 87' lang='lat' dir='ltr'>cx</span> <span class='ocrx_word' id='word_1_282' title='bbox 568 3741 693 3825; x_wconf 82' lang='lat' dir='ltr'>legibus</span> <span class='ocrx_word' id='word_1_283' title='bbox 715 3742 959 3821; x_wconf 83' lang='lat' dir='ltr'>repetundarum</span> <span class='ocrx_word' id='word_1_284' title='bbox 982 3739 1166 3821; x_wconf 87' lang='lat' dir='ltr'>petitionem</span> <span class='ocrx_word' id='word_1_285' title='bbox 1189 3740 1387 3822; x_wconf 83' lang='lat' dir='ltr'>nominisque</span> <span class='ocrx_word' id='word_1_286' title='bbox 1409 3741 1543 3805; x_wconf 77' lang='lat' dir='ltr'>delatio·</span> 
     </span>
     <span class='ocr_line' id='line_1_33' title="bbox 220 3833 1541 3917; baseline -0.005 -14"><span class='ocrx_word' id='word_1_287' title='bbox 220 3861 290 3903; x_wconf 89' lang='lat' dir='ltr'>nem</span> <span class='ocrx_word' id='word_1_288' title='bbox 314 3835 428 3911; x_wconf 81' lang='lat' dir='ltr'>fuisse,</span> <span class='ocrx_word' id='word_1_289' title='bbox 461 3835 639 3916; x_wconf 81' lang='lat' dir='ltr'>exemplum</span> <span class='ocrx_word' id='word_1_290' title='bbox 668 3835 747 3917; x_wconf 83' lang='lat' dir='ltr'>legis</span> <span class='ocrx_word' id='word_1_291' title='bbox 770 3835 923 3898; x_wconf 81' lang='lat' dir='ltr'>Serviliae</span> <span class='ocrx_word' id='word_1_292' title='bbox 947 3836 1040 3898; x_wconf 86' lang='lat' dir='ltr'>docet</span> <span class='ocrx_word' id='word_1_293' title='bbox 1062 3833 1151 3908; x_wconf 91' lang='lat' dir='ltr'>(Lin.</span> <span class='ocrx_word' id='word_1_294' title='bbox 1176 3833 1415 3897; x_wconf 80' lang='lat' dir='ltr'>1.et1.v111.</span> <span class='ocrx_word' id='word_1_295' title='bbox 1441 3833 1541 3900; x_wconf 79' lang='lat' dir='ltr'>Cous.</span> 
     </span>
     <span class='ocr_line' id='line_1_34' title="bbox 220 3926 1544 4015; baseline -0.003 -20"><span class='ocrx_word' id='word_1_296' title='bbox 220 3953 292 4015; x_wconf 87' lang='lat' dir='ltr'>cap.</span> <span class='ocrx_word' id='word_1_297' title='bbox 318 3931 346 3994; x_wconf 92' lang='lat' dir='ltr'>l.</span> <span class='ocrx_word' id='word_1_298' title='bbox 370 3941 438 3993; x_wconf 88' lang='lat' dir='ltr'>not.</span> <span class='ocrx_word' id='word_1_299' title='bbox 462 3926 521 4007; x_wconf 82' lang='lat'><strong>6.).</strong></span> <span class='ocrx_word' id='word_1_300' title='bbox 566 3929 794 3991; x_wconf 84' lang='lat' dir='ltr'>Verumtamen</span> <span class='ocrx_word' id='word_1_301' title='bbox 818 3949 856 3990; x_wconf 91' lang='lat' dir='ltr'>ne</span> <span class='ocrx_word' id='word_1_302' title='bbox 881 3927 952 4013; x_wconf 91' lang='lat' dir='ltr'>quis</span> <span class='ocrx_word' id='word_1_303' title='bbox 974 3927 1176 4011; x_wconf 78' lang='lat' dir='ltr'>magistratus</span> <span class='ocrx_word' id='word_1_304' title='bbox 1199 3928 1242 3990; x_wconf 89' lang='lat' dir='ltr'>ob</span> <span class='ocrx_word' id='word_1_305' title='bbox 1264 3926 1453 3992; x_wconf 78' lang='lat' dir='ltr'>levissimam</span> <span class='ocrx_word' id='word_1_306' title='bbox 1476 3951 1544 3993; x_wconf 87' lang='lat' dir='ltr'>rem</span> 
     </span>
     <span class='ocr_line' id='line_1_35' title="bbox 220 4021 1545 4110; baseline -0.003 -20"><span class='ocrx_word' id='word_1_307' title='bbox 220 4030 265 4090; x_wconf 84' lang='lat' dir='ltr'>ad</span> <span class='ocrx_word' id='word_1_308' title='bbox 281 4045 423 4110; x_wconf 87' lang='lat' dir='ltr'>magnam</span> <span class='ocrx_word' id='word_1_309' title='bbox 447 4022 662 4107; x_wconf 88' lang='lat' dir='ltr'>quaestionem</span> <span class='ocrx_word' id='word_1_310' title='bbox 687 4022 791 4104; x_wconf 87' lang='lat' dir='ltr'>abripi</span> <span class='ocrx_word' id='word_1_311' title='bbox 813 4035 937 4104; x_wconf 88' lang='lat' dir='ltr'>posset,</span> <span class='ocrx_word' id='word_1_312' title='bbox 962 4034 1086 4085; x_wconf 89' lang='lat' dir='ltr'>cautum</span> <span class='ocrx_word' id='word_1_313' title='bbox 1102 4021 1200 4084; x_wconf 82' lang='lat' dir='ltr'>inisse</span> <span class='ocrx_word' id='word_1_314' title='bbox 1222 4021 1362 4096; x_wconf 83' lang='lat' dir='ltr'>videtur,</span> <span class='ocrx_word' id='word_1_315' title='bbox 1387 4033 1423 4085; x_wconf 91' lang='lat' dir='ltr'>ut</span> <span class='ocrx_word' id='word_1_316' title='bbox 1443 4044 1545 4106; x_wconf 80' lang='lat' dir='ltr'>parva</span> 
     </span>
     <span class='ocr_line' id='line_1_36' title="bbox 220 4115 1546 4201; baseline -0.002 -17"><span class='ocrx_word' id='word_1_317' title='bbox 220 4124 320 4194; x_wconf 89' lang='lat' dir='ltr'>dona,</span> <span class='ocrx_word' id='word_1_318' title='bbox 355 4138 490 4201; x_wconf 88' lang='lat' dir='ltr'>quorum</span> <span class='ocrx_word' id='word_1_319' title='bbox 519 4119 578 4179; x_wconf 92' lang='lat' dir='ltr'>sub</span> <span class='ocrx_word' id='word_1_320' title='bbox 604 4116 850 4197; x_wconf 84' lang='lat' dir='ltr'>imperatoribus</span> <span class='ocrx_word' id='word_1_321' title='bbox 877 4138 996 4180; x_wconf 88' lang='lat' dir='ltr'>summa</span> <span class='ocrx_word' id='word_1_322' title='bbox 1021 4130 1144 4179; x_wconf 88' lang='lat' dir='ltr'>centum</span> <span class='ocrx_word' id='word_1_323' title='bbox 1171 4136 1341 4179; x_wconf 85' lang='lat' dir='ltr'>aureorum</span> <span class='ocrx_word' id='word_1_324' title='bbox 1364 4115 1443 4190; x_wconf 66' lang='lat' dir='ltr'>risit,</span> <span class='ocrx_word' id='word_1_325' title='bbox 1479 4117 1546 4181; x_wconf 85' lang='lat' dir='ltr'>sine</span> 
     </span>
     <span class='ocr_line' id='line_1_37' title="bbox 221 4210 1547 4296; baseline -0.001 -18"><span class='ocrx_word' id='word_1_326' title='bbox 221 4214 331 4278; x_wconf 79' lang='lat' dir='ltr'>fraude</span> <span class='ocrx_word' id='word_1_327' title='bbox 350 4234 464 4295; x_wconf 86' lang='lat' dir='ltr'>capere</span> <span class='ocrx_word' id='word_1_328' title='bbox 483 4210 603 4275; x_wconf 79' lang='lat' dir='ltr'>liceret.</span> <span class='ocrx_word' id='word_1_329' title='bbox 646 4210 716 4290; x_wconf 82' lang='lat' dir='ltr'><strong>(Cf.</strong></span> <span class='ocrx_word' id='word_1_330' title='bbox 742 4213 783 4273; x_wconf 87' lang='lat' dir='ltr'>L.</span> <span class='ocrx_word' id='word_1_331' title='bbox 808 4220 839 4274; x_wconf 86' lang='lat' dir='ltr'>h.</span> <span class='ocrx_word' id='word_1_332' title='bbox 864 4212 908 4275; x_wconf 93' lang='lat' dir='ltr'>D.</span> <span class='ocrx_word' id='word_1_333' title='bbox 932 4214 970 4275; x_wconf 95' lang='lat' dir='ltr'>de</span> <span class='ocrx_word' id='word_1_334' title='bbox 993 4212 1066 4296; x_wconf 85' lang='lat' dir='ltr'>lege</span> <span class='ocrx_word' id='word_1_335' title='bbox 1087 4210 1246 4293; x_wconf 69' lang='lat' dir='ltr'>Inhmcp.</span> <span class='ocrx_word' id='word_1_336' title='bbox 1271 4211 1457 4289; x_wconf 78' lang='lat' dir='ltr'><strong>(XLVIII.</strong></span> <span class='ocrx_word' id='word_1_337' title='bbox 1480 4216 1547 4291; x_wconf 78' lang='lat' dir='ltr'>ss.)</span> 
     </span>
     <span class='ocr_line' id='line_1_38' title="bbox 222 4296 800 4386; baseline -0.005 -15"><span class='ocrx_word' id='word_1_338' title='bbox 222 4321 253 4371; x_wconf 91' lang='lat' dir='ltr'>et</span> <span class='ocrx_word' id='word_1_339' title='bbox 275 4296 325 4372; x_wconf 61' lang='lat' dir='ltr'>Li</span> <span class='ocrx_word' id='word_1_340' title='bbox 343 4308 458 4371; x_wconf 85' lang='lat' dir='ltr'>Servil.</span> <span class='ocrx_word' id='word_1_341' title='bbox 484 4304 567 4386; x_wconf 87' lang='lat' dir='ltr'>Cap.</span> <span class='ocrx_word' id='word_1_342' title='bbox 593 4305 622 4368; x_wconf 95' lang='lat' dir='ltr'>l.</span> <span class='ocrx_word' id='word_1_343' title='bbox 647 4317 715 4368; x_wconf 93' lang='lat' dir='ltr'>not.</span> <span class='ocrx_word' id='word_1_344' title='bbox 740 4307 800 4386; x_wconf 86' lang='grc'><strong>5.).</strong></span> 
     </span>
    </p>

    <p class='ocr_par' dir='ltr' id='par_1_9' title="bbox 220 4397 1548 4862">
     <span class='ocr_line' id='line_1_39' title="bbox 306 4397 1546 4485; baseline -0.001 -20"><span class='ocrx_word' id='word_1_345' title='bbox 306 4404 381 4465; x_wconf 85' lang='lat' dir='ltr'>Hoc</span> <span class='ocrx_word' id='word_1_346' title='bbox 416 4422 495 4465; x_wconf 84' lang='lat' dir='ltr'>vern</span> <span class='ocrx_word' id='word_1_347' title='bbox 529 4402 773 4483; x_wconf 86' lang='lat' dir='ltr'>repetundarum</span> <span class='ocrx_word' id='word_1_348' title='bbox 805 4402 924 4467; x_wconf 63' lang='lat' dir='ltr'>mimen</span> <span class='ocrx_word' id='word_1_349' title='bbox 958 4415 1021 4466; x_wconf 83' lang='lat' dir='ltr'>tara</span> <span class='ocrx_word' id='word_1_350' title='bbox 1052 4401 1176 4485; x_wconf 81' lang='lat' dir='ltr'>privata</span> <span class='ocrx_word' id='word_1_351' title='bbox 1209 4397 1415 4481; x_wconf 84' lang='lat' dir='ltr'>repetitione,</span> <span class='ocrx_word' id='word_1_352' title='bbox 1451 4421 1546 4485; x_wconf 83' lang='lat' dir='ltr'>quam</span> 
     </span>
     <span class='ocr_line' id='line_1_40' title="bbox 220 4493 1546 4578; baseline 0.002 -22"><span class='ocrx_word' id='word_1_353' title='bbox 220 4495 348 4577; x_wconf 85' lang='lat' dir='ltr'>publica</span> <span class='ocrx_word' id='word_1_354' title='bbox 370 4495 570 4559; x_wconf 84' lang='lat' dir='ltr'>accusatione</span> <span class='ocrx_word' id='word_1_355' title='bbox 592 4494 744 4557; x_wconf 82' lang='lat' dir='ltr'>vindicari</span> <span class='ocrx_word' id='word_1_356' title='bbox 766 4497 907 4576; x_wconf 89' lang='lat' dir='ltr'>potuisse</span> <span class='ocrx_word' id='word_1_357' title='bbox 928 4496 1002 4560; x_wconf 83' lang='lat' dir='ltr'>inihi</span> <span class='ocrx_word' id='word_1_358' title='bbox 1024 4516 1209 4578; x_wconf 87' lang='lat' dir='ltr'>persuasum</span> <span class='ocrx_word' id='word_1_359' title='bbox 1229 4504 1289 4557; x_wconf 84' lang='lat' dir='ltr'>est.</span> <span class='ocrx_word' id='word_1_360' title='bbox 1332 4495 1424 4572; x_wconf 83' lang='lat' dir='ltr'>(an</span> <span class='ocrx_word' id='word_1_361' title='bbox 1442 4493 1546 4578; x_wconf 77' lang='lat' dir='ltr'>ipsun</span> 
     </span>
     <span class='ocr_line' id='line_1_41' title="bbox 222 4587 1548 4662; baseline 0.002 -12"><span class='ocrx_word' id='word_1_362' title='bbox 222 4587 390 4650; x_wconf 82' lang='lat' dir='ltr'>discrimen</span> <span class='ocrx_word' id='word_1_363' title='bbox 423 4589 476 4651; x_wconf 81' lang='lat' dir='ltr'>vel</span> <span class='ocrx_word' id='word_1_364' title='bbox 504 4590 554 4652; x_wconf 83' lang='lat' dir='ltr'>itta</span> <span class='ocrx_word' id='word_1_365' title='bbox 586 4589 723 4652; x_wconf 79' lang='lat' dir='ltr'>iorrnuia</span> <span class='ocrx_word' id='word_1_366' title='bbox 750 4589 951 4653; x_wconf 85' lang='lat' dir='ltr'>subindicare</span> <span class='ocrx_word' id='word_1_367' title='bbox 982 4589 1125 4652; x_wconf 80' lang='lat' dir='ltr'>ridetur:</span> <span class='ocrx_word' id='word_1_368' title='bbox 1166 4611 1232 4662; x_wconf 78' lang='lat' dir='ltr'>,ue</span> <span class='ocrx_word' id='word_1_369' title='bbox 1266 4610 1310 4651; x_wconf 77' lang='lat' dir='ltr'>aa</span> <span class='ocrx_word' id='word_1_370' title='bbox 1341 4609 1383 4650; x_wconf 78' lang='lat' dir='ltr'>aa.</span> <span class='ocrx_word' id='word_1_371' title='bbox 1409 4606 1548 4653; x_wconf 72' lang='lat' dir='ltr'>carario</span> 
     </span>
     <span class='ocr_line' id='line_1_42' title="bbox 222 4681 1547 4766; baseline 0.004 -24"><span class='ocrx_word' id='word_1_372' title='bbox 222 4700 424 4754; x_wconf 80' lang='lat' dir='ltr'>unsriuisoua</span> <span class='ocrx_word' id='word_1_373' title='bbox 447 4703 595 4745; x_wconf 77' lang='lat' dir='ltr'>cenario</span> <span class='ocrx_word' id='word_1_374' title='bbox 618 4683 732 4748; x_wconf 82' lang='lat' dir='ltr'>asro.&#39;&#39;</span> <span class='ocrx_word' id='word_1_375' title='bbox 777 4685 855 4748; x_wconf 83' lang='lat' dir='ltr'>Vid.</span> <span class='ocrx_word' id='word_1_376' title='bbox 877 4686 919 4747; x_wconf 81' lang='lat'>1..</span> <span class='ocrx_word' id='word_1_377' title='bbox 937 4682 1055 4747; x_wconf 79' lang='lat' dir='ltr'>Servii.</span> <span class='ocrx_word' id='word_1_378' title='bbox 1074 4681 1157 4766; x_wconf 86' lang='lat' dir='ltr'>Cap.</span> <span class='ocrx_word' id='word_1_379' title='bbox 1175 4683 1205 4747; x_wconf 88' lang='lat'>1.</span> <span class='ocrx_word' id='word_1_380' title='bbox 1222 4694 1293 4746; x_wconf 83' lang='lat' dir='ltr'>aot.</span> <span class='ocrx_word' id='word_1_381' title='bbox 1310 4681 1358 4761; x_wconf 81' lang='lat' dir='ltr'>t.)</span> <span class='ocrx_word' id='word_1_382' title='bbox 1400 4681 1446 4746; x_wconf 86' lang='lat' dir='ltr'>Ut</span> <span class='ocrx_word' id='word_1_383' title='bbox 1465 4683 1547 4747; x_wconf 81' lang='lat' dir='ltr'>sciar</span> 
     </span>
     <span class='ocr_line' id='line_1_43' title="bbox 221 4772 1545 4862; baseline 0.005 -25"><span class='ocrx_word' id='word_1_384' title='bbox 221 4772 281 4837; x_wconf 90' lang='lat' dir='ltr'>iam</span> <span class='ocrx_word' id='word_1_385' title='bbox 302 4772 405 4856; x_wconf 87' lang='lat' dir='ltr'>prima</span> <span class='ocrx_word' id='word_1_386' title='bbox 430 4773 484 4837; x_wconf 80' lang='lat' dir='ltr'>itt·</span> <span class='ocrx_word' id='word_1_387' title='bbox 511 4777 761 4845; x_wconf 81' lang='lat' dir='ltr'>extraordinaria</span> <span class='ocrx_word' id='word_1_388' title='bbox 783 4777 904 4847; x_wconf 77' lang='lat' dir='ltr'>iudicia</span> <span class='ocrx_word' id='word_1_389' title='bbox 922 4776 1112 4847; x_wconf 74' lang='lat' dir='ltr'>enascitur</span> <span class='ocrx_word' id='word_1_390' title='bbox 1139 4779 1178 4840; x_wconf 88' lang='lat' dir='ltr'>ad</span> <span class='ocrx_word' id='word_1_391' title='bbox 1201 4796 1345 4862; x_wconf 65' lang='lat' dir='ltr'>poenam</span> <span class='ocrx_word' id='word_1_392' title='bbox 1364 4778 1545 4858; x_wconf 53' lang='lat' dir='ltr'>paradeo.</span> 
     </span>
    </p>
   </div>
   <div class='ocr_carea' id='block_1_9' title="bbox 0 0 1616 5318">
    <p class='ocr_par' dir='ltr' id='par_1_10' title="bbox 0 0 1616 5318">
     <span class='ocr_line' id='line_1_44' title="bbox 0 0 1616 5318; baseline 0 0"><span class='ocrx_word' id='word_1_393' title='bbox 0 0 1616 5318; x_wconf 95' lang='lat' dir='ltr'> </span> 
     </span>
    </p>
   </div>
  </div>
 </body>
</html>
