3202 5318
511 350 1389 426 GRAECO-LA11NUS.6⁵

61 505 162 563 retur.
188 491 252 572 ἀφ
283 488 325 557 οὗ
350 496 450 571 ueniri
478 504 643 579 ιαροιμία
670 498 825 571 Βοιωτοῖς
845 497 1059 580 μαντεύσατο
1104 502 1295 583 Ησέβησιιν
1322 505 1387 590 γὰρ

55 595 99 662 εἰς
121 584 181 664 την
192 587 332 672 ἱέρειαν,
342 587 552 699 ἐμβαλόντες
580 589 683 667 αὐτὴν
710 598 754 665 εἰς
779 616 835 656 τον
859 601 895 656 ἐν
916 591 1056 676 Δωδώνη
1086 599 1203 673 λέβητα
1229 602 1390 679 ἐρωτικῶς

55 685 268 745 δυνηθεῖσαν
282 679 360 755 sle*
341 705 403 744 ενα
422 706 484 746 των
499 686 642 768 θεωρων.
685 682 833 746 Sensus
823 683 924 767 igitur
944 687 1116 749 verborum
1137 685 1304 753 Ciceronis
1319 703 1387 754 est·

55 771 186 852 ulfini
207 771 388 857 piaculum
410 775 522 857 specie
536 775 727 859 religionis.
771 777 854 840 Nam
878 777 1053 842 aCaesare
1068 790 1205 859 tyranno
1226 793 1390 847 exstructa

54 867 176 950 templ·
204 887 269 949 pro
293 867 470 954 sacrilegiis
498 881 529 932 et
554 867 689 952 piaculis
716 871 854 934 habet.”
910 871 1062 936 Ceterrmr
1090 874 1155 939 hoc
1182 874 1389 957 proverbium

54 959 202 1026 οοοιιιιίι
229 960 324 1025 eliam
363 965 448 1047 apul
477 963 621 1040 suidam,
648 963 704 1028 ubi
735 977 840 1029 tamen
870 967 971 1052 volgo
1005 964 1158 1051 [etism
1146 974 1179 1031 ui
1214 967 1390 1034 Gaislordii

54 1053 220 1137 editione]
245 1055 365 1141 legitur
385 1069 485 1140 μυίας
513 1059 658 1147 δάκρυον
679 1079 741 1143 pro
762 1071 896 1144 μίασμα
915 1062 1026 1150 δρυός.
1070 1062 1106 1124 S.

140 1153 387 1238 Μαροψυχια,
410 1154 550 1217 unimur
569 1153 734 1217 abiectus.
782 1154 860 1218 Vid.
884 1177 912 1219 s.
938 1178 971 1219 r.
995 1157 1248 1243 Μακροψοχία.

146 1245 417 1327 Μισάνθρωπος,
448 1267 532 1311 osor
553 1247 692 1332 generis
714 1249 868 1312 lumeni.
894 1249 1009 1330 „erae
1029 1261 1132 1315 eruens
1147 1263 1221 1313 sunt
1240 1249 1290 1316 his
1308 1271 1389 1316 con·

57 1336 181 1458 imma,
208 1360 244 1403 ea
266 1339 356 1404 nasci
376 1352 528 1447 putaptur
552 1364 569 1404 a
594 1353 695 1417 metu,
724 1354 758 1403 ut
782 1343 887 1408 odium
911 1343 1093 1418 mulierum,
1126 1343 1249 1426 quale
1240 1367 1272 1408 ιιι
1292 1371 1392 1432 μισο-

59 1434 149 1517 ηιίρ
168 1430 273 1499 Annii
296 1444 368 1510 est,
398 1444 434 1496 ut
455 1434 487 1497 in
509 1435 671 1501 hominum
692 1436 875 1501 universum
900 1458 1018 1522 genus,
1042 1439 1130 1519 quod
1153 1439 1330 1521 accepimus
1352 1442 1392 1504 de

62 1528 222 1606 Tium,
245 1526 301 1611 qui
321 1529 559 1614 μισάνθρωπος
582 1528 804 1611 ιρροΙΙιιιιι·.η
849 1533 949 1594 Tusc.
973 1532 1039 1599 lv.
1065 1533 1123 1605 11,
1147 1532 1201 1595 95.

144 1621 379 1705 Maeonium,
404 1622 524 1686 odium
553 1624 750 1687 mulierum.
794 1625 872 1688 vid.
896 1647 924 1688 s.
948 1648 981 1688 v.
1005 1626 1209 1709 Μισόγυνος.

143 1717 359 1800 Μισόγονος,
395 1739 479 1782 osor
512 1718 707 1782 mulierum.
765 1719 883 1800 „Quae
909 1730 1013 1783 sutem
1038 1733 1111 1784 sunt
1136 1721 1185 1782 his
1212 1721 1390 1800 contraria,

61 1833 96 1875 ea
125 1809 215 1874 nasci
246 1821 402 1894 putentur
434 1831 452 1872 a
480 1823 583 1885 metu,
620 1823 654 1874 ut
684 1810 791 1877 odium
821 1812 1008 1890 mulierum,
1041 1815 1135 1900 quale
1165 1814 1195 1876 io
1224 1817 1392 1900 μισογύνῳ
1506 1822 1512 1827 ’

60 1904 120 1985 (al.
141 1905 180 1969 in
200 1914 413 1989 μισογιινείᾳ,
440 1905 481 1970 al.
503 1907 723 1990 μισογύνιια)
745 1907 849 1970 Altilii
872 1920 943 1981 est;
977 1922 1011 1971 ut
1033 1909 1065 1970 in
1083 1908 1244 1972 hominum
1264 1911 1392 1973 uniret·-

59 2019 126 2061 uuo
144 2019 266 2084 genus,
294 2003 383 2082 qood
406 2001 585 2083 accepimus
601 2004 639 2063 dc
659 2001 815 2078 Timone,
839 2001 894 2086 qni
915 2005 1151 2090 μισάνθρωπος
1174 2003 1391 2087 appellatur.’'

61 2093 162 2157 Tusc.
187 2092 255 2156 IV.
281 2094 341 2169 11,
367 2095 420 2159 95.

144 2190 255 2253 Μισῶ
276 2190 444 2270 σοφιστήν
469 2190 558 2265 ὅστις
579 2193 642 2269 ου’γ,
661 2193 752 2274 αὑτῷ
774 2192 888 2272 σοφός.
913 2189 991 2255 Vid.
1016 2214 1040 2255 s.
1065 2213 1099 2254 v.
1124 2195 1315 2279 Εὐριπίδου.

141 2284 371 2367 Μνημονικά,
408 2305 469 2349 ara
497 2284 696 2349 memoriae.
742 2284 1038 2365 „Quemadmodum
1064 2285 1161 2371 igitur
1186 2284 1242 2371 qui
1269 2284 1391 2350 litteras

58 2375 181 2455 scium,
204 2389 342 2460 possunt
361 2377 412 2454 id,
436 2380 523 2463 quod
543 2379 776 2454 dictumest,
802 2378 959 2455 seribere,
985 2391 1017 2442 et
1032 2378 1185 2453 recitare,
1210 2381 1296 2464 quod
1310 2379 1391 2443 scri·

58 2481 209 2553 ponunt:
232 2471 347 2557 itaqui
362 2472 549 2556 μνημονικά
564 2472 759 2548 didicerunt,
784 2484 936 2554 possunt,
961 2494 1043 2557 qtrae
1059 2472 1243 2547 audierunt,
1261 2471 1294 2535 iu
1309 2473 1390 2538 locis

59 2564 243 2640 collucere,
267 2576 301 2628 et
315 2585 357 2629 cx
371 2568 420 2630 bis
434 2565 620 2632 memoriter
638 2566 882 2650 pronuntiare.''
906 2568 945 2629 ed
957 2569 1101 2630 Hereuu.
1118 2565 1251 2641 111.17,
1270 2565 1324 2629 30.
1348 2596 1391 2613 -

60 2710 76 2739 ,
86 2658 152 2723 Sed
172 2680 247 2724 cum
264 2658 298 2722 iu
309 2659 395 2723 omni
411 2659 576 2746 disciplina
592 2660 716 2724 infirma
734 2671 783 2723 est
797 2661 873 2723 artis
889 2659 1075 2743 praeceptio
1090 2660 1156 2723 siue
1176 2682 1298 2724 summa
1313 2659 1391 2725 assi·

60 2753 178 2817 luitatc
197 2752 458 2833 exercitationis,
484 2766 548 2818 tum
573 2755 699 2818 veroin
716 2753 1102 2839 μνημονικοῖςιιιίιιίσιιιιιι
1119 2755 1202 2817 valet
1224 2754 1387 2830 doctrina,

60 2846 118 2912 uisi
133 2845 311 2924 industria,
327 2849 452 2926 surdio,
477 2851 604 2927 labore,
623 2849 787 2936 diligentia
802 2848 1074 2932 comprobetur.”
1098 2851 1137 2912 ad
1159 2849 1304 2913 Hereun.
1321 2848 1389 2913 III.

60 2942 179 3018 91,10.
192 2974 235 2991 -·
249 2941 353 3008 Clc.
363 2946 612 3026 Morgeusteru
631 2946 672 3006 de
685 2956 753 3006 arte
764 2956 906 3007 veterum
921 2941 1129 3005 mnemonicn.
1146 2941 1285 3025 Dorpsti
1296 2943 1400 3008 1835:

141 3039 365 3122 Μνημονικὸν
386 3039 587 3127 ἁμάρτημα,
619 3042 738 3122 lapsus
762 3038 959 3101 memoriae.
1006 3040 1152 3117 „Brutus
1172 3037 1245 3101 mihi
1265 3039 1309 3100 T.
1330 3036 1389 3100 Li·

60 3129 140 3215 garii
163 3131 273 3194 verbis
293 3131 470 3210 nuntiavit,
497 3135 585 3215 quod
607 3133 785 3215 appelletur
812 3133 855 3194 L.
883 3130 1046 3195 Corfidius
1068 3129 1098 3192 in
1122 3129 1267 3196 oratione
1288 3133 1390 3218 Ligu.

59 3225 165 3302 tiana,
191 3238 331 3290 erratuum
356 3249 425 3290 esse
448 3249 570 3302 meum,
596 3230 668 3304 sed,
695 3239 728 3289 ιιι
751 3226 855 3300 aiunt,
878 3226 1079 3310 purpureum
1093 3226 1287 3312 ἁμάρτημα.
1297 3226 1315 3254 ”
1349 3231 1390 3291 ad

60 3321 129 3382 Au.
154 3319 260 3384 xlll.
284 3322 348 3394 ll,
372 3321 405 3384 3.
429 3357 470 3368 -
515 3320 648 3402 „Quid,
673 3341 749 3403 quas
772 3319 956 3404 (legiones)
978 3321 1107 3383 Asinius
1127 3322 1387 3404 transportavit?

60 3409 229 3476 Caninium
252 3414 366 3491 volni,
388 3417 442 3477 sel
463 3417 664 3498 μνημονικὸν
694 3416 913 3500 ἀμάρτημα.”
959 3417 999 3475 ad
1021 3417 1093 3477 nu
1118 3415 1216 3480 XIV.
1240 3418 1275 3490 5,
1302 3420 1333 3478 1.

142 3510 455 3586 Μουσοπάτακτος,
488 3533 511 3572 α
532 3510 651 3576 Muris
670 3531 875 3592 percussus,
901 3515 1085 3571 Musarum
1105 3530 1223 3573 arnore
1246 3522 1387 3593 euplus,

57 3609 173 3684 poue.
218 3605 315 3677 „Nou
343 3605 524 3666 mehercule
549 3604 713 3688 quisquam
732 3603 1004 3688 ponoouu‘tuurog
1025 3601 1176 3665 libentius
1199 3625 1253 3665 sua
1276 3625 1389 3666 reeen-

62 3695 103 3758 tia
126 3698 280 3779 po‘e'mate
309 3698 403 3782 legit,
433 3719 526 3782 quarn
556 3718 619 3781 ego
641 3709 674 3760 te
701 3698 794 3762 aridio
818 3717 1004 3782 quacunque
1026 3698 1064 3759 de
1086 3717 1139 3773 rc,
1169 3696 1298 3779 publica
1320 3696 1388 3780 pri·

64 3801 153 3871 rau,
173 3789 294 3855 mistica
316 3792 477 3856 urbana.''
522 3795 560 3854 ad
584 3792 625 3873 Q.
647 3792 691 3856 [ι.
715 3793 762 3857 ll.
786 3794 846 3866 10,
873 3793 904 3854 1.

146 3886 385 3973 Μυροθήκιον,
412 3888 581 3971 unguenti
612 3899 644 3951 el
669 3888 930 3972 pigmentorum
955 3888 1083 3949 arcula.
1135 3886 1257 3958 „Meus
1284 3894 1387 3948 arrtem

64 3980 143 4045 liber
164 3991 268 4046 totum
290 3980 430 4048 Isocrati
448 3983 651 4069 μυροθήκιον
670 3995 767 4067 etque
790 4003 899 4046 ornnes
925 3979 991 4043 eius
1015 3979 1241 4062 discipulorum
1265 3978 1388 4041 arculas

63 4097 97 4140 κ
117 4075 265 4141 nonnihil
287 4076 379 4140 ctiam
400 4076 588 4141 Aristotelia
610 4078 771 4163 pigmenta
797 4074 1006 4158 consumpsit.
1016 4074 1033 4098 ''
1057 4073 1097 4137 ad
1118 4075 1191 4138 Au.
1216 4073 1264 4135 ΙΙ.
1290 4075 1328 4146 1,
1354 4073 1386 4134 1.

141 4171 405 4259 Moeranum,
433 4172 635 4235 secretiora.
683 4170 850 4246 „Cotern‚
881 4190 961 4252 quae
979 4190 1026 4231 me
1050 4167 1240 4242 sollicitant,
1271 4192 1388 4248 μυστι·

63 4265 184 4351 ιυίερα
206 4266 323 4328 suut.''
368 4268 408 4328 ad
430 4270 499 4330 Au.
524 4268 593 4330 lv.
615 4267 654 4341 9,
681 4269 711 4328 7.

138 4361 421 4447 Μυστικώτερον,
448 4360 628 4424 secretius.
676 4361 785 4431 „Illud
818 4373 986 4442 praeterea
1020 4355 1259 4443 μυστικώτερον
1288 4355 1329 4416 ad
1357 4365 1389 4418 te

65 4454 216 4528 scribam
239 4465 274 4517 tu
295 4454 442 4538 sagacius
466 4457 659 4519 odorabere.
669 4453 688 4478 ’'
733 4456 771 4516 ad
795 4455 866 4517 Au.
891 4455 957 4517 v1.
983 4454 1020 4528 4,
1045 4455 1077 4516 3.

140 4553 292 4635 Μῶμος,
316 4552 474 4614 Momus.
518 4549 638 4628 „Quod
661 4569 710 4611 me
734 4548 866 4612 maxime
888 4548 1027 4612 hot-laris
1050 4558 1081 4608 et
1103 4548 1190 4628 qumi
1212 4543 1312 4626 pluris
1334 4555 1383 4607 est

70 4661 154 4751 qum
182 4643 309 4720 omnia,
344 4643 375 4706 in
399 4665 463 4727 quo
486 4644 634 4719 laboras,
667 4655 701 4705 ut
728 4641 820 4704 otiam
848 4640 1008 4727 Ligurino
1036 4641 1139 4725 μώμῳ
1168 4638 1380 4703 satisfaciam:

10 4772 14 4803 ;
74 4735 199 4815 norm,
224 4737 252 4803 si
273 4736 445 4823 qtrilquam
464 4737 533 4802 lieu
549 4749 666 4821 potest
659 4735 882 4822 elegantius
905 4737 945 4798 ad
966 4736 1037 4800 Au.
1060 4737 1104 4805 V.
1126 4735 1183 4811 90,
1207 4735 1238 4798 5.
1263 4733 1384 4816 Mum

135 4852 264 4903 ouum.
284 4855 337 4903 cu.
358 4857 403 4903 ιιι.
1225 4850 1238 4898 ⁵
