3202 5318
474 307 976 378 seueroscottsumn.
1139 328 1142 332 “
1331 320 1393 401 tto

64 446 203 522 aniani,
234 442 446 508 felicitate
474 447 666 527 populum
689 438 910 511 Romanum
937 448 1174 514 foedissima
1196 455 1395 519 crudelis·

63 542 245 622 sitneque
288 537 496 627 servitute
536 539 773 602 liberatum:
833 561 1000 623 oramque
1039 562 1122 604 rent
1164 546 1392 625 publicans,

63 635 221 703 urbem,
256 629 400 709 templa
434 631 600 691 deornm
635 631 940 707 immortalium,
982 635 1088 696 bona
1121 634 1394 721 fortunasque

62 723 235 788 omnium
258 721 498 801 liberosque
529 724 821 784 conservarint
854 723 1111 788 dimicatione
1139 738 1176 787 et
1204 728 1393 807 periculo

60 815 169 876 ritae
191 833 304 885 strae,
329 813 385 873 uti
408 813 459 874 ob
482 815 767 889 easresbene,
785 815 1393 903 sortiterleliciterqnegestas

61 902 1392 988 C.Pansa,A.Hirtius,consulesimperatores,alter,ambove,

61 1009 147 1072 aut,
173 997 205 1059 si
226 998 419 1069 aberunt,
442 996 495 1056 M.
520 993 753 1070 Cornutus,
778 1010 945 1078 praetor
968 1002 1162 1075 urbanus,
1186 988 1394 1082 supplica}

60 1092 198 1153 tiones
221 1109 292 1170 per
324 1086 410 1149 dies
434 1086 733 1171 quinquaginta
755 1091 800 1149 ad
830 1091 957 1151 omnia
985 1092 1215 1172 pulvinaria
1244 1094 1405 1157 conati·v

59 1193 170 1247 tusta
195 1200 356 1261 cnanue
380 1179 511 1242 virtus
534 1179 740 1262 legionum
764 1181 883 1262 digna
908 1182 1149 1246 clarissimis
1172 1185 1393 1266 insperato·

60 1274 175 1337 ribus
198 1269 428 1346 exstiterit,
452 1280 657 1344 senatum,
687 1293 790 1353 quae
812 1272 868 1334 sit
890 1286 1005 1337 antea
1029 1277 1245 1357 pollicitus
1268 1278 1395 1360 legio·

61 1365 184 1427 nibus
200 1361 543 1445 exercitibusque
559 1363 731 1437 nostris,
750 1384 792 1425 ea
813 1386 966 1429 stimmo
987 1370 1145 1442 studio,
1171 1371 1392 1450 republica

61 1467 324 1539 recuperata,
348 1455 658 1518 resoluturums
696 1476 864 1537 carnique
888 1457 998 1540 legio
1021 1461 1177 1523 Martia
1201 1460 1392 1543 princeps

62 1571 146 1613 cnut
180 1547 368 1611 hostibus
401 1547 667 1620 conflixerit,
696 1560 823 1628 atque
857 1549 911 1610 ita
942 1570 1028 1626 cnm
1057 1552 1207 1616 maiore
1229 1574 1392 1619 numero

61 1643 241 1706 hostiurn
264 1639 543 1713 contenderit,
562 1650 601 1701 ut
622 1639 816 1718 plurimos
836 1643 1067 1717 caederent,
1090 1657 1394 1725 caperentnon·

61 1736 222 1806 nullos;
255 1751 423 1813 cumque
451 1731 539 1792 sine
568 1731 648 1792 nlla
679 1732 975 1796 retractatione
1000 1755 1078 1815 pro
1107 1734 1241 1815 patria
1271 1736 1392 1799 vitam

59 1824 343 1906 profuderint3
378 1842 543 1903 cutnquc
574 1820 698 1883 ‘simili
728 1823 888 1902 virtute·
911 1825 1164 1908 reliquarum
1189 1828 1392 1912 legionum

61 1917 217 1978 milites
240 1936 315 1996 pro
338 1915 467 1977 salute
489 1926 525 1975 et
548 1913 747 1976 libertate
770 1916 913 1996 p‘opuli
937 1918 1102 1980 Romani
1131 1932 1297 1983 mortem
1325 1943 1393 2004 op·

58 2007 311 2090 petiverint:
335 2007 495 2068 senatui
517 2007 699 2087 placere,
726 2019 764 2068 ut
789 2005 831 2070 C.
855 2009 1003 2082 Pansa,
1028 2011 1072 2071 A.
1096 2011 1277 2088 Hirtius,
1301 2034 1393 2076 con·

58 2101 190 2174 soles,
224 2098 516 2179 imperatores,
555 2099 679 2173 alter,
717 2101 903 2174 ambove,
936 2099 972 2161 si
1002 2101 1057 2162 eis
1082 2103 1284 2177 videatur,
1321 2105 1390 2179 iis,

60 2193 129 2276 qni
151 2181 387 2272 sanguinein
409 2210 483 2271 pro
509 2189 608 2263 vita,
633 2189 845 2264 libertate,
869 2191 1133 2275 fortunisque
1156 2194 1392 2274 populiRo·

60 2284 181 2357 mani,
216 2303 291 2363 pro
322 2285 433 2356 urbe,
469 2282 711 2362 templisque
740 2284 898 2344 deorum
928 2280 1212 2345 immortalium
1246 2286 1390 2366 proin·

60 2376 236 2447 dissent,
271 2385 574 2437 urontrsnentusn
604 2394 716 2454 quam
744 2373 1034 2454 amplissimum
1058 2376 1269 2438 locandum
1291 2376 1392 2439 laci·

61 2469 280 2550 endumque
308 2478 472 2537 curent;
509 2475 756 2546 quaestores
786 2466 870 2527 urb.
901 2468 944 2526 ad
976 2486 1053 2527 eam
1077 2487 1158 2528 rem
1181 2469 1390 2547 pecuniam

61 2562 172 2634 dare,
204 2558 451 2631 attribuere,
483 2557 646 2618 solvere
669 2556 848 2628 iubeant,
874 2569 914 2619 ut
936 2567 1069 2619 exstet
1091 2561 1136 2620 ad
1160 2560 1390 2623 memoriam

61 2649 335 2736 posteritatis
357 2647 663 2730 sempiternam,
699 2652 744 2709 ad
766 2650 903 2711 scelus
924 2651 1295 2714 crudelissimorum
1323 2653 1391 2716 bo·

62 2745 199 2820 stium,
225 2741 475 2822 militumque
498 2741 669 2826 divinam
695 2741 904 2813 virtutem
928 2753 1065 2823 atque,
1091 2763 1189 2824 quae
1211 2745 1389 2823 praemia

61 2848 223 2899 senatus
247 2835 446 2897 militibus
469 2847 559 2895 ante
581 2832 816 2906 constituit,
843 2855 883 2895 ea
907 2834 1117 2896 solvantur
1139 2856 1291 2910 eorum,
1321 2835 1391 2919 qni

59 2928 269 3011 bochello
293 2947 365 3007 pro
387 2927 523 3007 patria
546 2925 803 2999 occiderunt,
830 2926 1086 3005 parentibus,
1112 2927 1275 3002 liberis,
1300 2949 1390 2990 con·

60 3020 245 3103 iugibus,
269 3019 497 3090 fratribus;
521 3019 655 3098 iisque
679 3019 933 3093 tribuantur,
951 3018 1266 3100 quaeurilitibus
1286 3018 1390 3100 ipsis

59 3112 191 3174 tribui
208 3122 443 3193 oporteret,
460 3110 493 3172 si
515 3110 579 3172 illi
604 3110 826 3186 vixissent,
845 3110 909 3192 qui
932 3124 1058 3174 morte
1082 3113 1281 3180 uicerunt.
1311 3110 1390 3175 Plri-

59 3203 142 3286 lipp.
167 3205 222 3278 tt,
249 3207 301 3267 ll.

145 3298 248 3377 Saepe
272 3318 308 3359 re
335 3297 426 3358 dilata
463 3308 494 3358 et
531 3295 675 3379 graviter
703 3306 770 3356 acta
810 3306 841 3356 et
870 3296 964 3374 plane
990 3305 1158 3377 perspecta
1186 3296 1249 3361 Cn.
1288 3301 1389 3365 Porn-

59 3387 125 3469 peii
146 3390 308 3451 voluntate
332 3387 363 3450 in
385 3410 453 3450 earn
475 3400 617 3469 partem,
643 3399 677 3448 ut
697 3409 767 3449 etun
792 3390 946 3450 decedere
967 3401 1041 3469 post
1065 3388 1225 3451 Kalendas
1249 3391 1388 3455 Martias

59 3480 220 3561 placeret,
244 3493 373 3542 senatus
389 3481 588 3553 consultum,
614 3482 701 3561 qnod
717 3480 772 3541 tibi
789 3479 877 3552 ruisi,
901 3480 1102 3554 factumest,
1120 3481 1389 3563 auctoritatesque
1475 3497 1481 3506 ·

61 3572 272 3653 perscriptae.
318 3573 354 3634 S.
390 3572 430 3635 C.
464 3573 713 3636 auctoritas.
758 3570 897 3634 Pridie
928 3572 1015 3635 Kal.
1047 3572 1194 3635 Octob.
1223 3573 1261 3635 in
1291 3575 1389 3635 aede

60 3662 269 3745 Apollinis
292 3665 410 3726 scrib.
435 3666 646 3728 alluserunt
675 3666 716 3725 L.
744 3663 947 3727 Domitius
983 3663 1053 3726 Cn.
1087 3663 1128 3725 F.
1159 3666 1388 3728 Ahenobar-

60 3758 151 3829 bus,
190 3756 465 3834 Q.Caecilius
496 3758 539 3836 Q.
563 3758 602 3820 F.
628 3754 1129 3835 MetellusPinsScipio,
1168 3755 1212 3816 1..
1236 3755 1386 3817 Villius

59 3851 105 3912 1..
121 3847 163 3911 F.
192 3850 303 3911 Posn.
328 3851 515 3923 Annalis,
542 3849 583 3912 C.
610 3848 833 3927 Septimius
862 3849 905 3909 T.
936 3847 976 3908 F.
1010 3846 1199 3924 Quirina,
1224 3844 1266 3909 C.
1289 3848 1389 3909 Luc-

57 3942 169 4005 ceius
191 3940 234 4005 C.
262 3942 303 4003 F.
329 3943 425 4021 Pup.
450 3942 619 4014 Hirrus,
645 3939 687 4003 C.
712 3938 960 4001 Scribonius
984 3936 1026 4001 C.
1055 3938 1095 4000 F.
1120 3940 1218 4018 Pop.
1243 3935 1386 4011 Curio,

58 4035 102 4098 1..
123 4033 290 4096 Atteius
318 4022 362 4095 1..
389 4035 430 4095 F.
457 4034 530 4094 An.
555 4032 724 4112 Capito,
748 4033 801 4095 M.
825 4029 984 4112 Oppius
1008 4031 1060 4105 M,
1086 4030 1125 4092 F.
1147 4028 1386 4091 Terentina.

56 4127 174 4204 Qnod
195 4126 249 4189 M.
273 4125 501 4188 Marcellus
523 4124 671 4186 consul
695 4124 741 4186 V.
766 4124 807 4185 F.
831 4126 876 4184 de
898 4121 1132 4204 provinciis
1160 4119 1388 4184 consulari·

53 4221 126 4282 bns
148 4217 194 4282 D.
217 4218 256 4280 E.
281 4219 323 4279 R.
349 4218 378 4279 l.
404 4217 445 4280 C.
471 4215 526 4276 uti
550 4217 592 4277 L.
618 4215 805 4288 Paullus,
841 4211 883 4278 C'.
914 4214 1141 4276 Marcellus
1170 4212 1385 4285 consules,
1480 4231 1483 4239 ·

55 4333 139 4373 cum
170 4310 456 4391 magistratum
480 4307 673 4381 inissent,
704 4328 744 4368 ex
768 4325 797 4368 a.
822 4309 854 4367 d.
878 4305 966 4368 Kal.
990 4304 1111 4368 Mart.
1133 4324 1231 4386 quae
1253 4302 1290 4365 iu
1313 4323 1387 4368 suo

55 4403 299 4486 magistratu
328 4401 489 4463 futurae
520 4411 675 4473 essent,
710 4401 755 4459 de
777 4396 1061 4460 consularibus
1084 4394 1316 4477 provinciis
1340 4396 1387 4456 ad

54 4506 238 4558 senatum
270 4493 491 4566 referrent,
527 4513 622 4554 neve
653 4490 747 4572 quid
781 4489 895 4569 prins
928 4510 974 4549 ex
1004 4489 1094 4550 Kal.
1126 4489 1250 4551 Mart.
1286 4507 1386 4550 neve

55 4587 154 4672 qnid
177 4586 423 4650 coniunctim
446 4588 490 4647 de
513 4605 554 4647 ea
578 4605 620 4645 re
643 4581 873 4644 referretur
902 4601 918 4641 a
948 4579 1211 4655 consulibus,
1243 4578 1386 4660 utique

56 4681 142 4747 eius
165 4679 226 4744 rei
249 4698 369 4740 causa
392 4698 462 4760 per
483 4677 568 4742 dies
590 4673 822 4740 comitiales
845 4685 1023 4736 senatum
1046 4674 1255 4752 baberent,
1279 4673 1315 4739 S.
1339 4670 1384 4753 Q.
