3202 5318
1409 312 1413 321 ·
1499 292 1507 328 l

123 283 211 413 rsu
242 332 265 356 “
676 338 936 415 anensem

230 478 305 554 tot.
330 477 432 554 103¹:
466 489 514 555 Ar
529 510 609 553 vero
625 492 667 555 T.
683 491 816 554 roscius
828 509 896 553 nan
911 482 1018 552 unrsm
1033 487 1084 552 rei
1098 483 1321 571 pecuniariae
1334 488 1468 557 mnium

144 580 279 672 fcffellit
301 595 365 646 cet.
410 585 514 647 Endet
539 585 645 647 loll:
682 585 900 667 omniumque
919 584 1023 646 leuius
1044 602 1227 646 neruorum
1248 592 1290 647 dc
1309 562 1471 651 tnbd'ruul

144 696 204 740 uos
219 675 441 759 potissimum
465 676 537 740 iud.
553 674 707 769 fructus
728 678 848 741 uberes
869 678 1118 762 diuturnosque
1140 668 1297 760 capietis.
1414 698 1430 711 ··

230 769 305 832 Ful.
329 770 437 834 loll:
472 772 583 836 Credo
609 792 675 856 ego
703 793 762 836 vos
788 772 860 834 iud.
885 772 1008 835 mirari
1030 771 1115 856 quid
1134 771 1181 835 sit
1201 772 1295 858 quod
1317 778 1474 847 cttflttot

144 865 272 928 summi
300 875 459 930 oratores
487 866 706 950 hominesque
731 866 936 930 nobilissimi
963 865 1106 929 sedeant
1126 864 1187 931 cet.
1231 864 1338 930 Endet
1358 852 1472 933 {Ulla

145 959 211 1022 lun
220 959 364 1045 denique
375 953 564 1046 long'eolia
576 971 628 1024 est
644 960 728 1024 solis
739 963 811 1024 alin
824 960 1037 1023 liclinorum.
1061 958 1179 1023 nonint
1195 960 1304 1025 aliam
1319 960 1515 1051 opem'aq

232 1053 317 1127 Fol.
333 1057 440 1117 toll:
475 1053 557 1120 Nisi
581 1055 698 1117 omnin
718 1076 805 1139 quae
822 1076 901 1117 cum
915 1053 1128 1137 turpitudine
1150 1065 1214 1118 cet.
1260 1054 1390 1123 Endet:
1401 1040 1509 1150 fit*

146 1150 267 1212 turum
286 1170 360 1213 esse
381 1150 583 1232 promittam
605 1160 638 1212 et
661 1149 860 1231 spondeam.

232 1243 308 1307 Fal.
340 1245 450 1308 108¹²=
484 1244 523 1329 δι’
547 1243 631 1328 quid
656 1243 728 1306 iud.
740 1241 850 1332 forte
874 1262 964 1304 nunc
984 1240 1077 1304 adsit
1098 1241 1247 1324 ignarus
1268 1240 1389 1329 legstsn
1414 1255 1474 1308 eet.

128 1337 251 1402 'Endet
277 1340 377 1402 11⁰¹:
412 1350 451 1405 ut
472 1358 590 1402 omnes
610 1337 806 1420 intelligant
821 1337 856 1399 in
872 1336 1092 1401 concionibus
1105 1357 1179 1400 esse
1198 1334 1325 1400 incidie
1347 1340 1473 1403 locum.

145 1431 181 1495 in
204 1430 342 1496 iudiciis
363 1433 532 1507 veritati„
863 1474 867 1479 -
1373 1506 1379 1513 Ι

233 1528 261 1593 F
264 1524 308 1592 ol.
321 1529 433 1613 'lton
466 1549 531 1612 que
548 1527 752 1611 deprecatus
767 1527 822 1590 ab.
840 1527 876 1591 d.
892 1524 998 1590 immd
1016 1546 1111 1588 more
1125 1510 1475 1617 institutoqubfflo-

147 1642 225 1687 rum
248 1632 310 1687 cet.
359 1619 428 1686 Der
451 1620 565 1687 Codex
588 1624 682 1684 sndct
704 1621 763 1685 tot.
789 1621 874 1684 120·
896 1642 953 1684 so:
986 1618 1092 1683 etiam
1120 1620 1179 1704 qui
1206 1616 1337 1683 nuum
1362 1608 1475 1682 dritta·

146 1715 227 1781 simi
250 1735 389 1780 sumus:
425 1715 632 1779 assiduitate
653 1717 890 1780 molestiarum
917 1736 1056 1780 sensum
1083 1733 1219 1779 omnem
1245 1712 1474 1779 numanuuts

144 1833 193 1875 eac
212 1810 338 1907 qnimis
359 1811 560 1875 amittimus.
1364 1830 1369 1835 ·

232 1905 306 1971 Fol.
335 1907 560 1969 tam-ssot
586 1905 639 1967 bat
673 1904 712 1968 ts
738 1905 868 1980 Zeilen,
899 1905 1027 1968 welche
1056 1902 1246 1966 schliessenc
1283 1920 1374 1985 quae
1397 1920 1475 1965 ctam

145 1998 300 2063 itasint.
344 1999 384 2065 F.
407 2000 490 2061 110¹·
514 1998 607 2084 sa'ngt
630 1998 700 2062 eine
723 2021 802 2063 neue
825 2000 1032 2083 cherkung
1059 2017 1119 2059 an:
1157 2006 1343 2077 antequam
1361 1996 1474 2077 prol.

147 2114 291 2157 msuena
311 2092 426 2158 dicere
446 2088 592 2157 instituo
614 2103 676 2156 cet.
722 2094 774 2156 Sic
795 2093 918 2157 scheint
941 2092 999 2154 mic
1021 2092 1103 2154 llll
1125 2110 1166 2151 au
1188 2092 1306 2166 eaden,
1331 2091 1396 2151 sind
1416 2108 1474 2154 sna

148 2188 179 2252 is
195 2186 348 2251 maxime
366 2160 675 2273 comprobanit‘qui
690 2189 725 2250 in
741 2188 914 2253 codicibus
929 2186 1083 2270 legendis
1101 2184 1321 2266 optimumst
1341 2183 1477 2264 sapian-

146 2274 617 2374 tissimumetfortissimum
632 2305 796 2367 quemque
813 2283 952 2367 delegit.
995 2281 1069 2345 Fol.
1094 2280 1180 2340 llll
1200 2276 1241 2339 ist
1262 2278 1320 2371 der
1344 2274 1476 2360 Anlsng

146 2380 204 2441 der
221 2379 463 2463 Bemerltungcn
488 2399 528 2440 zu
548 2375 637 2440 einer
654 2398 756 2439 neuen
778 2378 888 2441 Rede:
911 2377 1075 2440 Animum
1094 2370 1228 2436 adverti
1248 2367 1475 2435 indemnem

145 2472 355 2538 accusatoris
382 2471 574 2537 orationem
603 2471 639 2534 in
665 2471 751 2533 duos
776 2471 919 2532 diuisam
942 2488 1011 2533 esse
1030 2466 1154 2553 partis.
1199 2463 1276 2528 Fol.
1301 2463 1376 2527 119.
1399 2465 1473 2527 sebe

145 2569 198 2633 ich
221 2567 334 2632 keinen
356 2567 498 2641 Ablata,
524 2567 624 2629 durch
642 2567 789 2629 walchen
813 2566 1022 2650 gewlihnlich
1041 2568 1098 2627 der
1114 2559 1248 2644 Aulang
1269 2557 1354 2621 eines
1371 2577 1472 2621 neuen

146 2663 336 2747 Fragments
359 2660 528 2744 angezeigt
549 2659 603 2724 ist.

233 2758 301 2822 Der
317 2754 431 2822 Codex
450 2756 504 2818 hat
521 2757 596 2819 sehr
616 2755 696 2819 tiele
716 2755 973 2820 Schneiblehler:
997 2765 1036 2818 ut
1058 2754 1111 2818 lsir
1132 2755 1184 2829 in,
1209 2760 1305 2840 quod
1326 2757 1379 2822 tar
1398 2764 1472 2849 qui.

146 2853 250 2931 dem..
265 2848 325 2914 sed
345 2848 398 2914 ttu
418 2850 466 2924 si,
492 2850 538 2931 [et
554 2851 615 2931 pro
633 2852 715 2933 eam]
740 2853 801 2914 und
820 2853 916 2914 andre
935 2849 1256 2939 Verwechslungcn3
1280 2877 1316 2920 er
1332 2856 1473 2921 schreibt

146 2938 354 3031 ltedijicntm
384 2943 598 3030 aquisloisse,
630 2945 786 3020 mutere,
816 2943 946 3034 affrica
966 2954 1028 3011 cel.
1070 2948 1119 3010 Et·
1142 2950 1196 3013 hat
1219 2952 1258 3016 29
1282 2952 1397 3017 Zeilen
1421 2953 1476 3018 aui

150 3034 237 3103 'eder
257 3038 355 3102 Seite.
1231 3062 1233 3067 ·

146 3063 159 3125 l
234 3130 295 3197 Die
324 3131 531 3216 Bemerltnng
556 3132 595 3195 ist
618 3132 718 3197 lhnen
744 3133 835 3194 wohl
860 3134 1017 3209 bekannt,
1050 3136 1474 3225 (demutatarum.

147 3227 231 3307 Ill.)
254 3230 325 3289 dass
345 3224 608 3310 Lagomarsin‘ins
631 3237 718 3308 sagt,
744 3247 777 3289 es
798 3226 883 3289 scien
908 3229 999 3290 liius
1019 3230 1212 3313 Exemplar-e
1235 3236 1289 3296 des
1316 3232 1475 3301 necetius

147 3321 178 3386 iu
201 3323 257 3384 der
276 3318 499 3407 Laurentiana.
546 3320 604 3383 leh
627 3320 707 3382 habe
731 3341 791 3382 ιιιιι·
811 3320 917 3383 diesen
943 3323 1069 3387 Einen
1093 3324 1207 3390 Codex
1230 3329 1388 3412 geschen,
1415 3324 1476 3393 itnd

148 3436 182 3478 es
205 3415 246 3477 ist
268 3414 377 3477 keiner
399 3413 515 3475 writer
537 3415 588 3476 dn.
796 3488 799 3492 ¹

234 3510 396 3572 Hactenus
412 3506 470 3570 Ha
481 3528 499 3568 ιι
510 3508 611 3584 thal,
627 3507 680 3595 qui
695 3530 758 3590 pro
774 3530 829 3571 sua
845 3529 922 3594 erga
939 3509 1093 3576 Orellisun
1110 3515 1332 3596 benevolentia
1354 3530 1473 3583 utrum·

149 3625 212 3690 que
241 3601 383 3666 codicem
414 3601 635 3666 Florentinum
664 3625 735 3666 cum
766 3604 857 3668 editis
885 3607 1119 3671 commentariis
1149 3608 1179 3671 in
1209 3608 1414 3677 Pisonianam
1442 3623 1472 3677 et

150 3697 352 3764 Scaurianam
376 3696 523 3761 contulit.

235 3791 390 3874 erartum
413 3788 548 3854 Asconii
568 3791 709 3857 codicem
729 3792 903 3857 declaravit
923 3805 956 3857 et
973 3793 1089 3876 passim
1114 3795 1181 3860 eius
1203 3796 1360 3864 lectiones
1373 3802 1474 3866 ittulit

151 3886 349 3953 Sebaldns
371 3884 455 3950 lan.
480 3884 601 3950 Erec.
626 3884 711 3951 Rau
734 3886 764 3950 in
787 3888 893 3952 Libro
909 3890 1085 3954 uariarum
1106 3893 1291 3957 lectionum
1313 3896 1362 3959 ad
1378 3896 1471 3965 Cice·

151 3980 247 4047 ranis
269 3978 462 4056 orationes,
487 3978 596 4064 Lugd.
621 3982 696 4045 Bat.
719 3980 1061 4049 Mucccxxxtv.
1085 4007 1119 4067 p.
1143 3985 1184 4048 82
1206 4008 1299 4070 seqq.

193 4064 204 4079 '
239 4072 323 4150 „Est
344 4073 376 4137 in
398 4072 592 4139 bibliotheca
611 4075 775 4158 Lugduno
792 4073 914 4140 Batava
930 4079 1031 4142 codex
1049 4078 1181 4142 Asconii
1201 4079 1352 4158 Pedani,
1375 4082 1477 4148 forms

20 4235 24 4244 ,
152 4171 233 4247 8ιιι,
257 4167 442 4235 nitidissime
462 4167 493 4232 in
516 4169 625 4231 charta
649 4191 860 4257 pergamena,
882 4173 1010 4238 saeculo
1032 4184 1066 4236 ut
1088 4173 1212 4238 videtur
1227 4176 1315 4250 XV,
1340 4176 1371 4240 in
1388 4178 1478 4243 Italis

47 4281 49 4285 ’
152 4265 304 4349 scriptus.
348 4258 441 4328 Hanc
464 4275 550 4327 certe
570 4274 701 4327 aetatem
726 4264 947 4349 originemque
970 4267 997 4330 ei
1019 4268 1162 4354 adsignat
1184 4269 1280 4353 isqui
1298 4272 1477 4357 descripsit,

152 4363 212 4423 sub
234 4367 273 4424 ιιο
295 4359 398 4435 2306,
421 4356 451 4420 in
475 4358 623 4443 catalogo
648 4359 802 4422 librorum
825 4361 912 4425 ducis
935 4362 1144 4427 velleriensis
1167 4366 1220 4443 (de
1246 4364 1274 4427 la
1300 4364 1480 4445 Vallieret)

153 4451 269 4536 quibus
296 4453 454 4517 distractis
478 4452 510 4515 in
533 4451 757 4518 bibliothecam
783 4452 990 4532 Ctevcnnae,
1021 4467 1117 4521 etex
1143 4476 1198 4535 ea,
1224 4458 1263 4520 n⁰
1285 4456 1369 4523 3229
1391 4473 1479 4525 nota·

152 4555 227 4623 ιιιιλ
253 4544 283 4608 in
313 4544 539 4612 bibliothecam
571 4546 734 4634 Lugduno
763 4546 916 4613 Batavum
950 4549 1072 4614 delatus
1104 4563 1172 4616 est:
1210 4552 1266 4618 ubi
1292 4553 1391 4618 bodie
1421 4556 1477 4619 sub

154 4631 196 4700 ιιο
217 4632 279 4700 ill
301 4634 416 4719 (MSS.
439 4640 519 4722 8ιο)
540 4654 700 4707 servatur.
722 4677 764 4690 ··-
786 4646 881 4708 Hunc
899 4642 1015 4707 librum
1035 4644 1226 4710 contulimus
1247 4668 1318 4710 cum
1339 4646 1476 4714 editione

155 4728 288 4794 Asconii
307 4751 388 4814 quac
409 4745 515 4797 exstat
534 4733 566 4798 in
589 4734 747 4800 veteribus
770 4734 1072 4801 commentatoribus
1089 4738 1257 4804 Ciceronis
1278 4740 1372 4806 editis
1388 4743 1478 4829 Lug·

17 4888 20 4895 ,
155 4823 229 4888 duni
252 4843 334 4888 anno
357 4825 453 4890 1551.
482 4848 522 4876 -e
552 4826 752 4894 Contulimns
774 4851 848 4895 cnm
867 4832 975 4895 cadem
998 4831 1137 4899 editions
1158 4833 1336 4920 principem
1362 4834 1475 4900 aditio·
