3204 5296
508 364 939 435 sustentamus.
1205 416 1211 425 -
1351 373 1390 439 13

59 502 134 590 qni,
154 526 231 571 enm
246 500 381 573 rell'ete
400 504 466 571 rita
487 527 548 590 per
571 506 706 572 inediam
730 508 894 579 discedere
920 521 952 574 et
973 511 1013 573 ab
1035 507 1142 575 aminis
1161 500 1391 595 revocaretur,

58 600 95 664 iis
117 600 327 684 respondens
346 598 608 666 vitaehumanae
630 602 831 666 incommoda
853 618 1031 669 enumerat.
1074 607 1158 673 Ean.

141 692 461 773 Ἀπολιῐονότατος,
494 695 604 760 ciuilis
624 697 1059 782 gisbernmionismnxime
1082 722 1228 786 expers,
1254 700 1308 767 rei
1321 722 1392 788 pta·

60 790 169 854 blieoe
199 790 375 876 gerendus
399 790 540 855 inscius.
592 791 724 874 „Quem
748 812 812 876 ego
837 791 999 858 homiuem
1020 797 1299 863 ἀπολιτικοίτατον
1323 818 1391 863 om·

57 883 145 947 nium
172 883 236 947 iam
262 895 336 950 ante
362 905 563 971 cognoram,
598 906 682 949 nuuc
713 907 793 950 vero
822 886 915 950 etiam
944 890 1307 979 ἀστρατηγικῶτατον.”
1350 887 1392 955 ad

58 978 260 1044 Att.vl11.
284 983 343 1057 to,
368 983 401 1044 t.

141 1075 391 1161 Ἀπολογισμόν
416 1075 636 1159 ουντάξομαι,
669 1071 908 1165 defensionem
933 1098 1149 1161 componam.
1193 1083 1292 1167 „Ego
1310 1102 1391 1148 vero

57 1166 155 1231 istum
186 1172 419 1256 ἀπολογισμὸν
439 1171 659 1255 ουντᾶξομαι,
689 1171 746 1232 sed
769 1171 808 1233 ad
822 1190 943 1253 ¹eorum
962 1171 1115 1256 aliquem,
1147 1175 1263 1257 quibus
1284 1175 1392 1241 invitis

60 1273 93 1325 et
114 1263 367 1329 dissuadentibus
389 1266 557 1348 proiectus
581 1262 691 1328 sum.’'
736 1266 775 1327 ad
794 1265 866 1329 Att.
893 1266 994 1330 XVl.
1019 1271 1055 1343 7,
1080 1267 1113 1331 3.

146 1350 455 1448 Ἀποπροηγμένον,
488 1360 674 1434 reiectum,
710 1359 954 1424 reiectaneum.
1010 1361 1186 1445 „Itemque
1217 1361 1291 1426 hinc
1322 1384 1393 1429 esse

59 1450 138 1515 illud
162 1466 332 1530 exortum,
364 1458 450 1541 quod
474 1456 566 1518 Zeno
589 1466 811 1540 προηγμένον,
841 1466 1020 1540 contraque
1048 1457 1136 1539 quod
1161 1458 1392 1545 ἀποπροηγμέ-

59 1572 115 1611 νον
141 1549 337 1629 nominarit,
373 1571 443 1612 cum
464 1560 609 1612 uteretur
629 1548 661 1611 in
680 1547 789 1632 lingua
812 1549 945 1633 copiosa
967 1549 1060 1613 factis
1081 1560 1186 1614 tamen
1212 1553 1391 1618 nominibus

57 1660 94 1704 ae
117 1642 231 1707 novis.
254 1680 296 1692 -
317 1676 358 1689 -
382 1676 423 1687 -
446 1645 491 1709 Ut
511 1642 616 1719 enim,
646 1642 767 1726 inqiut,
791 1663 885 1709 uerno
906 1641 981 1706 dicit
999 1642 1030 1706 in
1048 1643 1137 1730 regia
1160 1667 1269 1732 regem
1288 1645 1392 1728 ipsum

57 1736 148 1819 quasi
164 1739 377 1820 productum
396 1758 465 1802 esse
480 1739 521 1800 ad
535 1736 719 1822 dignitatem
742 1739 793 1817 (id
808 1738 889 1802 enim
906 1748 955 1801 est
973 1741 1219 1827 προηγμένον),
1244 1742 1300 1802 sed
1315 1762 1388 1819 eos,

58 1832 109 1913 qui
131 1831 165 1894 in
185 1833 293 1918 aliquo
309 1833 437 1899 bonore
460 1832 539 1907 siut,
568 1852 704 1917 qttorum
735 1836 818 1898 ordo
837 1832 986 1916 proxime
1012 1835 1154 1910 aceedit,
1178 1847 1212 1898 ut
1236 1838 1391 1900 secundus

57 1923 95 1987 sit
122 1928 168 1989 ad
192 1929 319 2013 regium
348 1926 586 2011 principatum:
624 1926 727 1989 sicin
757 1928 819 1992 vita
847 1949 911 1991 noo
943 1948 1000 2002 ea,
1035 1948 1117 2011 quae
1138 1929 1292 2010 primario
1316 1931 1391 1996 loeo

58 2030 149 2096 snut,
175 2025 235 2084 sed
254 2044 310 2098 ea,
335 2044 418 2108 quae
440 2023 608 2085 secumdum
632 2021 738 2085 locum
760 2021 923 2097 obtinent,
943 2037 1148 2111 προηγμένα,
1171 2023 1203 2087 id
1222 2037 1285 2101 est,
1307 2047 1392 2108 pro·
1483 2058 1488 2069 ·

58 2115 165 2178 diecto
187 2117 406 2181 nominentur.
452 2116 542 2196 Quae
562 2115 613 2178 vel
633 2114 674 2176 ita
700 2117 897 2199 appellemus
920 2114 965 2195 (id
989 2119 1050 2180 erit
1070 2119 1203 2181 verbum
1226 2141 1244 2181 e
1263 2123 1390 2200 verbo),

59 2210 106 2272 rel
123 2223 311 2294 promoto,
343 2212 414 2287 rel,
446 2222 481 2273 ut
502 2211 619 2273 dudum
643 2209 797 2286 diximus,
823 2213 1029 2297 praeposita
1048 2212 1099 2274 vel
1121 2212 1328 2295 praecipuo,
1359 2224 1392 2277 et

57 2303 109 2366 illa
140 2305 285 2370 reiecta.
342 2307 394 2370 Re
423 2306 503 2369 enim
530 2304 689 2367 intellecta
718 2304 749 2369 in
775 2306 953 2370 verborum
982 2326 1040 2370 usu
1066 2305 1175 2370 laciles
1201 2328 1272 2371 esse
1297 2308 1393 2371 debe·

59 2397 174 2460 mus.”
220 2402 258 2462 de
282 2400 376 2464 Finn.
403 2400 467 2465 lll.
493 2400 607 2474 15,51
635 2400 758 2474 -16,
786 2401 839 2464 59.
863 2431 905 2443 -
948 2400 1055 2476 ,lsta,
1087 2399 1392 2483 quaedixisti,va-

59 2491 140 2568 lere,
167 2493 363 2577 locupletem
387 2516 478 2571 esse,
502 2514 566 2557 non
590 2494 720 2570 dolere,
744 2495 829 2557 bona
856 2515 920 2559 non
948 2496 1038 2570 dico,
1063 2497 1118 2558 sed
1139 2494 1239 2557 dicam
1266 2496 1393 2559 Graece

58 2602 275 2671 προηγμένας
309 2590 448 2669 (Latine
474 2600 577 2652 autem
602 2588 793 2670 producto:
823 2590 878 2651 sed
899 2588 1105 2673 praeposito
1128 2600 1181 2650 eut
1202 2588 1393 2673 praecipua

59 2683 164 2753 mat03
190 2682 236 2744 sic
257 2684 458 2749 tolerabilius
477 2697 508 2747 et
528 2682 674 2759 mollius)
696 2681 749 2744 illa
772 2694 893 2758 autem,
920 2683 1083 2757 morbum,
1120 2695 1311 2765 egestatem,
1335 2688 1394 2749 do-
1442 2722 1447 2731 ·

58 2774 184 2849 lorem,
211 2800 275 2841 non
299 2779 428 2863 appello
452 2778 551 2854 mala,
575 2779 646 2849 sed,
669 2776 695 2838 si
722 2775 813 2851 libet,
840 2777 1033 2841 reiectanea
1055 2779 1391 2862 (ἄποπροηγμένα).”

59 2871 96 2931 de
120 2870 219 2934 Finn.
245 2873 313 2937 IV<
335 2875 394 2947 96,
426 2875 475 2938 tt.
504 2911 539 2919 —
591 2872 730 2955 „ltaque
759 2872 877 2932 nullum
902 2884 950 2935 est
980 2875 1271 2955 ἀποπροηγμένον,
1304 2875 1392 2956 quod

59 2984 123 3027 uon
146 2966 308 3030 verear.’'
330 2971 369 3032 ad
393 2970 483 3032 Fam.
509 2969 571 3032 lX.
598 2971 632 3040 7,
659 2967 688 3028 9.
711 2999 753 3010 -
798 2964 899 3028 Stoici
921 2987 990 3027 cnm
1012 2967 1131 3028 nollent
1154 2964 1231 3031 boni
1255 2967 1392 3050 malique

59 3059 134 3123 loco
163 3081 291 3142 ponere
319 3064 490 3148 quidquam
521 3073 649 3144 praeter
673 3059 819 3121 virtutem
845 3071 877 3122 et
899 3060 1145 3143 turpitudinem,
1175 3070 1299 3124 ceteras
1319 3081 1389 3138 res,

59 3153 176 3236 quibus
200 3175 263 3216 non
288 3169 392 3238 potest
416 3161 526 3221 eodem
553 3159 646 3219 modo
670 3153 790 3216 animus
814 3156 965 3217 humanus
989 3154 1134 3230 inoveri,
1158 3164 1318 3239 tamquam
1335 3176 1391 3218 re·

59 3247 232 3310 letudinem
256 3264 393 3326 rectam,
431 3254 597 3326 morbum,
631 3250 799 3324 dolorem,
835 3249 1051 3332 voluptatem,
1085 3246 1201 3325 vitem,
1237 3262 1389 3327 mortem,

60 3342 206 3418 divitias,
232 3358 450 3427 paupertatem
469 3360 532 3409 cet.
556 3344 788 3408 distribuebant
810 3343 839 3405 in
857 3357 1045 3428 προηγμένα
1060 3356 1092 3407 et
1114 3345 1389 3431 ἀποπροηγμένα,

58 3437 93 3500 h.
117 3458 148 3500 e.
174 3437 311 3523 dignas,
347 3464 427 3526 quae
450 3444 668 3525 deligerentur
693 3440 742 3502 vel
766 3443 1026 3523 repudiarentur,
1066 3447 1100 3501 ut
1125 3459 1156 3502 r.
1180 3458 1211 3501 c.
1242 3439 1391 3505 valetudo

58 3543 148 3595 recta
172 3549 377 3618 προηγμένον
403 3550 505 3612 esset,
531 3538 661 3600 morbus
683 3538 964 3623 ἀποπροηγμένον.
1006 3533 1093 3598 Etru.

141 3629 314 3715 Ἀπορία,
345 3633 527 3696 drebitatio.
580 3631 716 3714 ,ltaque
747 3652 762 3692 a
794 3643 824 3692 te
849 3632 923 3693 nihil
947 3631 1019 3690 ditm
1043 3626 1301 3712 certissimum,
1335 3630 1392 3693 aed

59 3720 138 3803 quid
161 3722 321 3787 videatne.
375 3726 522 3811 Denique
545 3725 644 3805 ipsam
668 3727 814 3808 ἀπορίαν
841 3738 924 3788 tuam
948 3723 1044 3806 cupio
1067 3724 1308 3807 cognoscere.”
1352 3724 1391 3786 ad

61 3816 136 3879 Art.
160 3816 246 3880 Vll.
272 3821 329 3896 19,
355 3822 387 3883 lt.
412 3853 447 3863 -
507 3821 620 3902 „Mira
645 3841 693 3881 me
715 3822 844 3906 ἀπορία
873 3816 1042 3903 torquet.’'
1067 3819 1105 3879 ad
1128 3820 1199 3883 Au.
1220 3816 1305 3883 Vll.
1330 3817 1389 3892 91,

60 3910 160 3975 3.-
204 3913 323 3993 „Quod
346 3914 459 3978 scribis
483 3927 513 3977 te
536 3914 678 3989 nescire,
705 3914 780 3998 quid
804 3914 922 3977 nostris
944 3913 1128 3977 faciundum
1152 3913 1216 3976 sits
1246 3911 1308 3974 iam
1322 3910 1391 3993 pri-

61 4007 131 4067 dem
163 4027 213 4068 ¹¹¹9
239 4006 291 4068 illa
318 4015 445 4097 ἀπορία
468 4007 659 4074 sollieitat.'’
715 4012 752 4070 ad
780 4010 851 4073 ΑΗ.
873 4008 955 4072 XV.
979 4008 1021 4084 l,
1054 4007 1148 4071 9.-
1192 4007 1391 4088 „Nunquam

61 4106 92 4171 in
115 4107 239 4172 maiore
261 4111 389 4195 ἀπορίᾳ
406 4104 488 4169 1ιιί.”
511 4106 550 4166 ad
572 4107 643 4166 An.
667 4103 767 4166 XVI.
789 4105 826 4177 8,
854 4104 886 4165 9.

142 4206 304 4285 Ἀπορῶ,
339 4201 470 4265 dubito.
517 4200 646 4282 „Quale
673 4197 729 4260 tibi
754 4197 919 4261 consilium
945 4196 1091 4278 Pompeii
1115 4192 1271 4258 videtur?
1314 4196 1390 4278 Ego

62 4296 142 4360 enim
167 4296 329 4381 ἀποροῖ.”
374 4298 413 4359 ad
435 4298 507 4359 Art.
530 4292 614 4357 Vll.
640 4294 700 4367 11,
737 4292 835 4353 3.-
878 4290 987 4372 „Quid
1010 4290 1054 4365 si,
1089 4290 1211 4375 inquis,
1247 4288 1390 4371 Lepidus

61 4402 89 4454 et
112 4393 288 4457 Volcatius
312 4386 502 4453 discedunt?
527 4387 620 4470 plane
644 4385 798 4472 ἀπορῶ.”
821 4387 859 4447 ad
883 4388 955 4447 Att.
981 4385 1043 4447 lX.
1069 4387 1127 4459 10,
1153 4386 1184 4449 7.
1205 4414 1246 4427 ·-
1270 4384 1391 4459 „Nunc

60 4498 163 4551 autem
189 4489 325 4575 ἀποροῖ,
352 4507 416 4570 quo
440 4506 488 4546 me
512 4479 674 4545 vertam.'’
698 4484 736 4543 ad
760 4482 831 4543 Ait.
855 4480 957 4543 Xlll.
981 4479 1038 4557 13,
1062 4480 1093 4543 9.

140 4581 454 4663 Ἀποοπασμάτια,
473 4577 703 4670 fingmento.
742 4576 844 4655 „Sunt
866 4585 1032 4655 praeterea
1056 4576 1135 4637 dirae
1158 4575 1274 4636 breves
1297 4574 1392 4646 (ora-

61 4675 184 4753 tiones)
208 4676 298 4758 quasi
321 4673 587 4756 οῗποοπαομοῖτια
615 4668 694 4749 legis
717 4666 901 4753 agrariae.”
946 4670 985 4729 ad
1008 4668 1080 4730 Ait.
1105 4668 1153 4731 ll.
1180 4671 1215 4743 1,
1240 4668 1274 4730 3.

138 4769 371 4853 Ἀπότευγμα,
405 4767 479 4851 spei
492 4763 716 4858 frustratio,
747 4759 879 4853 infelix
908 4781 1098 4826 successus.
1155 4759 1391 4843 ,,’,ν1πότευγμα

61 4865 225 4930 1οωίιὶοι
249 4865 334 4928 addo
356 4862 450 4927 etiam
474 4856 725 4924 malevolentiam
742 4856 924 4933 hominum;
948 4868 979 4921 et
1000 4859 1117 4936 timeo,
1142 4878 1183 4921 ne
1205 4854 1251 4917 illi
1273 4874 1323 4916 me
1340 4873 1393 4915 ae-
