3202 5318
631 364 784 434 mntx
802 364 985 435 Lwttnt.
1405 368 1467 437 111

139 506 356 597 mvlll.
380 509 434 572 11.
463 540 507 557 ·-
542 507 659 588 „Quae
682 507 736 571 lex
757 507 894 590 privatis
913 508 1094 574 bominibus
1117 527 1186 573 esse
1208 509 1264 575 lex
1286 530 1353 577 nen
1379 512 1471 578 vide·

136 606 258 679 batur,
292 602 398 666 innsta
420 623 481 685 per
507 621 639 676 servos,
672 601 771 665 incisa
792 624 853 687 per
878 601 959 678 rim,
992 602 1144 689 imposita
1168 624 1228 687 per
1251 604 1467 685 latrocinium,

138 699 272 764 sublato
293 707 425 779 senatu,
453 694 593 778 pulaine
614 696 691 760 loro
717 696 810 761 bonis
831 698 996 774 omnibus,
1025 708 1118 781 capta
1142 718 1179 761 re
1202 698 1331 782 publica
1353 712 1470 767 eontra

135 812 254 859 annes
274 791 383 875 leges,
416 789 506 854 nullo
534 789 653 872 scripta
678 810 790 855 morea
823 792 906 853 banc
927 791 983 877 qni
1007 811 1043 855 se
1065 802 1205 855 metuere
1226 791 1372 857 dicerent
1390 816 1468 860 eon-

134 884 244 961 nlea,
266 905 332 951 noa
356 885 461 948 dicam
483 882 578 948 animi
599 884 779 961 hominum,
808 888 865 948 sed
885 884 960 950 iasti
985 884 1041 949 ulli
1060 885 1150 950 ferre
1170 886 1331 970 possunt?
1370 890 1467 969 Nam,

134 978 164 1045 si
189 978 279 1045 illam
301 978 406 1065 legem
426 997 490 1041 non
515 978 693 1059 putabatis,
714 999 797 1064 qnae
820 990 892 1043 erat
914 990 1027 1043 contra
1051 999 1162 1044 omnes
1182 980 1272 1066 leges
1298 981 1471 1049 indemnati

134 1072 221 1138 ciris
241 1085 340 1158 atqae
356 1071 474 1157 integri
487 1072 603 1154 capitis
616 1074 840 1158 honorumque
861 1072 1032 1137 tribnnieia
1049 1073 1265 1158 proscriptio,
1288 1077 1348 1140 hae
1365 1088 1471 1143 ιιιιιιιι

136 1167 290 1233 obstricti
310 1167 459 1251 μιιὶοιιι
480 1165 689 1230 tenebamini:
712 1164 785 1251 quis
805 1187 867 1232 vos
882 1188 948 1231 non
968 1171 1066 1233 modo
1084 1170 1249 1248 consules,
1273 1172 1330 1235 sed
1349 1170 1472 1237 liberos

134 1262 243 1327 luisse
264 1261 405 1345 patett'·
436 1262 470 1326 in
491 1261 606 1329 Pison.
630 1263 690 1336 13,
714 1262 830 1327 30.-
865 1259 984 1335 ,.'lllo
974 1283 1047 1344 ipso
1075 1263 1145 1341 die,
1168 1263 1219 1329 die
1245 1264 1382 1331 uest
1371 1286 1470 1333 ιιιιιι

136 1356 224 1423 ter·
250 1368 347 1442 atque
375 1355 467 1421 ιιὶιιιι
490 1369 611 1440 puncto
635 1356 791 1464 teuporis
809 1358 921 1421 ecdem
946 1356 1021 1420 mibi
1048 1357 1160 1444 reique
1186 1360 1334 1443 publicae
1359 1362 1471 1447 perni-

139 1444 393 1528 nemfltbinin
416 1463 448 1515 ct
466 1451 578 1518 Pisoni
593 1450 760 1534 provincia
779 1462 895 1536 rogata
918 1464 979 1516 est.
1001 1488 1043 1501 -
1063 1482 1106 1498 ·-
1127 1450 1221 1519 Civis
1236 1467 1305 1520 erat
1318 1456 1471 1540 expulsus

138 1543 190 1622 k,
212 1545 269 1629 qui
286 1567 354 1610 ιιιιι
376 1546 535 1630 publicam
558 1567 598 1609 es
618 1557 745 1609 senatus
771 1546 961 1611 auctoritate
981 1567 1053 1610 cum
1077 1547 1225 1613 omnibus
1246 1548 1343 1615 bonis
1364 1550 1472 1616 deien-

140 1643 253 1716 derat,
284 1651 317 1705 et
337 1641 489 1724 expulsus
512 1662 578 1704 non
599 1639 663 1704 alio
685 1641 811 1728 aliquo,
834 1642 891 1703 sed
913 1661 953 1707 eo
976 1640 1047 1724 ipso
1072 1641 1216 1711 crimine.
1257 1644 1339 1711 Erat
1365 1658 1469 1711 autem

141 1735 300 1817 expulsus
319 1734 386 1799 sine
405 1734 540 1812 iudicio,
565 1733 616 1811 vi,
640 1733 815 1816 lapidibus,
840 1734 950 1811 lerro,
974 1735 1107 1802 servitio
1129 1736 1265 1823 denique
1287 1739 1470 1806 concitato:

140 1830 196 1894 bx
213 1841 288 1895 erat
300 1829 384 1905 lata,
408 1839 533 1895 vastato
554 1851 592 1893 ac
611 1828 728 1894 relicto
746 1829 823 1894 loro
839 1839 871 1893 et
892 1829 1016 1894 sicariis
1035 1830 1202 1917 servisque
1223 1830 1360 1912 tradito,
1379 1846 1412 1899 et
1433 1856 1471 1900 ea

141 1923 216 1999 las,
240 1943 326 2009 qnae
348 1933 384 1986 nt
402 1946 441 1988 oe
461 1924 619 1999 ferretur,
643 1933 770 1987 senatos
791 1923 898 1988 iuerat
920 1935 1011 1989 reste
1031 1925 1185 1989 mutata?
1205 1945 1269 2009 pro
1284 1928 1393 1994 Sestio
1415 1930 1469 2007 21,

140 2018 195 2083 53.
218 2052 259 2067 -
286 2014 489 2095 ,Consulem
514 2040 586 2082 ιιιιιι
607 2019 639 2082 in
661 2029 789 2095 senatu,
813 2018 932 2101 privati
953 2029 990 2082 ut
1007 2019 1116 2084 de'sne
1130 2021 1299 2087 sententias
1315 2021 1469 2099 dicerent,

136 2110 386 2198 bgitabaatnr,
408 2113 511 2199 legem
532 2111 580 2176 illi
600 2134 634 2176 se
656 2111 814 2178 Clodium
838 2111 953 2176 timere
975 2112 1156 2177 dicebant.'‘
1199 2136 1263 2197 pro
1287 2114 1395 2182 Sestio
1414 2114 1469 2193 39,

141 2206 195 2272 69.
207 2237 252 2250 -
274 2253 291 2279 ..
300 2208 345 2271 Ut
362 2207 459 2271 iilum
473 2227 568 2270 mene
579 2203 872 2289 proscriptionis]
889 2206 1141 2289 Vigilantissimc
1153 2208 1335 2275 Claudiam
1352 2210 1469 2294 legem,

142 2320 222 2384 qnae
244 2302 287 2365 de
308 2299 406 2364 exilio
431 2298 599 2364 Ciceronis
620 2300 684 2364 lata
705 2298 828 2375 iuerat,
859 2301 969 2365 maluit
995 2301 1267 2386 proscriptionem
1288 2303 1468 2380 nominare,

143 2396 409 2481 perdundum
435 2394 539 2458 multis
561 2393 641 2459 locis
661 2392 773 2457 iecit.''
819 2393 931 2458 Schol.
955 2396 1044 2460 Bob.
1068 2416 1130 2479 pro
1152 2396 1258 2461 Sestio
1277 2418 1314 2479 p.
1338 2396 1412 2462 309.
1429 2428 1470 2445 ·-

145 2488 255 2571 ,Quid
281 2489 365 2553 enim
389 2487 478 2552 rides
499 2487 552 2573 agi
573 2507 671 2570 posse
696 2498 750 2550 aut
770 2508 835 2569 quo
855 2488 978 2554 modo?
1009 2489 1077 2554 Per
1095 2489 1304 2555 senatumne?
1333 2488 1381 2554 At
1403 2501 1472 2555 tute

143 2581 303 2667 scripsisti
322 2583 363 2645 sd
388 2603 452 2658 sne,
476 2585 636 2668 quoddam
658 2591 754 2663 caput
774 2581 855 2666 legis
873 2582 1032 2647 Clodium
1051 2582 1082 2646 in
1103 2583 1213 2647 curiae
1232 2595 1327 2667 poste
1348 2583 1469 2661 extus,

144 2696 186 2743 tte
210 2698 253 2742 re
315 2676 351 2743 η’
376 2696 458 2741 mue
482 2675 552 2740 dici
577 2674 728 2739 liceret.‘'
772 2678 813 2738 ad
841 2677 912 2741 Αιι.
939 2676 1007 2742 Ill.
1037 2679 1097 2754 11,
1128 2677 1160 2740 6.
1205 2675 1306 2743 Cori.
1337 2679 1376 2741 td
1397 2680 1470 2744 Au.

145 2770 214 2838 ΙΙΙ.
261 2771 300 2849 3,
322 2770 356 2836 3.
380 2803 421 2816 -·
445 2773 541 2845 ,Nos
563 2769 723 2834 Brundisii
742 2772 825 2853 apud
848 2772 900 2833 M.
924 2771 1081 2835 Laenium
1104 2772 1253 2835 Flaccum
1280 2771 1348 2837 dies
1366 2772 1470 2838 xltt.

145 2866 281 2942 himas,
306 2864 409 2929 tirum
438 2865 612 2950 optimum:
635 2863 689 2950 qui
715 2864 889 2946 periculum
912 2864 1111 2929 fortunarum
1134 2877 1168 2930 et
1189 2866 1300 2950 capitis
1321 2867 1370 2932 sui
1392 2887 1471 2952 prae
1544 2906 1554 2931 ι

145 2981 213 3024 mea
233 2961 337 3025 salute
360 2958 500 3043 neglexit
522 2981 625 3043 neque
646 2957 724 3042 legis
747 2958 998 3041 improbissimae
1021 2982 1125 3042 poena
1148 2964 1300 3025 deductus
1315 2975 1381 3040 est,
1405 2984 1471 3046 quo

145 3055 249 3121 ιίιιιι
260 3054 392 3139 hospitii
402 3065 435 3118 et
443 3052 596 3117 amicitiae
604 3053 652 3115 ius
667 3053 867 3137 ciliciumque
878 3054 1091 3137 praestaret.”
1104 3057 1143 3119 ad
1154 3057 1246 3123 Fam.
1259 3057 1379 3123 Xilll.
1395 3058 1426 3134 1,
1440 3058 1472 3121 2.

264 3213 401 3283 Cuncta
422 3215 464 3280 ds
485 3236 568 3299 rege
590 3215 786 3278 Ptolemaeo
806 3225 841 3277 et
863 3213 905 3278 ue
926 3216 1108 3281 exsseiibus
1128 3218 1352 3303 Byzantinis.

229 3340 296 3412 „R
317 3337 458 3404 andins
474 3339 533 3400 sub
555 3335 879 3400 honorificentissimo
903 3336 1064 3401 ministerii
1083 3338 1175 3411 titulo
1197 3341 1251 3404 M.
1275 3339 1431 3406 Catonem
1453 3360 1472 3404 a

146 3455 181 3497 se
197 3432 331 3517 publica
349 3432 524 3513 relegavit.
549 3429 669 3513 quippe
682 3430 785 3513 legem
806 3430 894 3505 tulit,
920 3444 955 3493 ut
975 3432 999 3494 is
1021 3445 1174 3516 quaestor
1195 3456 1266 3498 crim
1287 3435 1359 3499 iure
1377 3454 1472 3518 prae·
1511 3499 1516 3510 ,

147 3528 256 3601 torio,
279 3527 404 3591 adiecto
431 3525 522 3589 etiam
547 3535 734 3608 quaestore,
759 3525 935 3588 mitteretur
957 3525 987 3587 in
1007 3526 1137 3591 insaniam
1165 3527 1309 3613 Cyprum
1333 3532 1372 3592 ad
1395 3551 1471 3612 spo·

149 3623 288 3687 bandum
321 3643 425 3705 regno
455 3620 674 3685 Ptolemaeum
703 3620 847 3681 ominibus
879 3642 1002 3683 morum
1032 3623 1116 3685 vitiis
1145 3643 1212 3685 eam
1248 3624 1471 3688 contumeliam

149 3718 309 3782 neritum
313 3713 332 3743 ''
361 3714 480 3779 Vellei.
504 3715 553 3778 Il.
577 3716 636 3790 da',
661 3717 694 3776 1.
717 3745 758 3759 -
781 3713 891 3795 „Cum
908 3716 977 3800 lege
992 3716 1112 3780 nefaria
1128 3718 1345 3782 Ptolemaeum
1361 3738 1471 3803 regem

149 3809 273 3895 Cypri,
305 3810 437 3874 fratrem
466 3810 551 3893 regis
579 3767 806 3884 Alexandrini,
838 3811 983 3873 eodem
974 3831 1043 3874 ture
1070 3825 1272 3897 regnantem,
1304 3831 1397 3876 eausa
1423 3809 1473 3873 in·

148 3904 282 3995 cognita
305 3905 519 3986 publicasses,
543 3903 762 3986 populumque
785 3905 964 3967 Romanum
991 3906 1111 3968 scelere
1135 3908 1327 3992 obligasses3
1350 3926 1420 3968 cum
1440 3904 1471 3967 in

148 4002 215 4068 eim
250 4020 405 4085 ιιςιιιιιι,
441 4000 542 4071 bona,
575 3997 742 4073 fortunas,
776 3996 974 4061 latrocinium
1007 4000 1137 4064 huius'
1124 4001 1249 4109 imperii
1278 3999 1470 4076 immisisses,

147 4098 236 4161 enias
251 4106 453 4175 compatre,
477 4112 557 4166 avo,
582 4089 755 4153 maioribus
769 4090 904 4154 societas
919 4093 1011 4157 nobis
1028 4106 1059 4156 et
1072 4094 1208 4158 amicitia
1228 4094 1357 4170 sitisset,
1380 4093 1472 4158 buiris

146 4187 303 4273 punine
328 4188 545 4269 deportandae
566 4196 614 4260 ct,
647 4183 673 4245 si
697 4182 768 4267 quis
792 4206 881 4248 suum
904 4187 1105 4264 defenderet,
1137 4188 1225 4252 bello
1250 4191 1390 4272 gerendo
1416 4189 1471 4253 nl.

147 4284 306 4351 Catonem
329 4281 524 4364 praefecisti.
526 4279 546 4313 '²
566 4299 628 4361 pro
650 4278 806 4353 domod,
831 4280 885 4344 20.
910 4317 950 4327 —
975 4281 1050 4355 „De
1071 4283 1134 4347 boc
1156 4285 1247 4365 (regc
1270 4280 1473 4363 Ptolemaeo)

148 4379 219 4444 nibil
237 4375 420 4461 cogitante,
444 4374 520 4437 nibil
536 4372 735 4456 suspicante,
761 4373 876 4436 eisdem
894 4395 952 4457 ope
939 4375 1003 4441 eris
1022 4376 1209 4459 suffragium
1229 4374 1404 4440 ferentibus
1424 4388 1474 4441 est

148 4486 314 4561 rogatum,
350 4482 384 4533 ut
412 4471 525 4532 sedens
553 4490 623 4531 cum
650 4487 791 4548 purpura
819 4479 851 4529 et
880 4480 1008 4551 sceptro
1031 4480 1063 4532 et
1090 4470 1151 4533 illis
1177 4469 1352 4554 insignibus
1374 4471 1472 4557 regiis

93 4596 95 4639 ι
149 4566 298 4651 praeconi
320 4562 454 4673 publico
477 4562 702 4635 subiceretur,
728 4572 760 4624 et
780 4560 955 4644 imperante
980 4565 1102 4646 populo
1127 4566 1274 4630 Romano
1305 4586 1364 4630 rex
1396 4567 1473 4632 ami·

150 4684 216 4739 cns,
246 4659 367 4727 nulla
357 4659 471 4723 miuria
494 4666 758 4727 commemorata,
784 4655 876 4720 nullis
896 4658 991 4720 rebus
1010 4658 1169 4741 repetitis,
1199 4682 1269 4724 cum
1290 4659 1384 4725 bonis
1403 4680 1472 4726 om·

151 4759 239 4823 ι’διι
251 4753 512 4842 ριιΙιΙίιιιιιιιιιν
534 4772 597 4834 pro
613 4750 719 4815 Sestio
733 4750 791 4827 26,
816 4753 932 4814 50.-
956 4804 972 4832 ,
983 4752 1120 4817 Ferente
1134 4754 1334 4843 rogationem
1352 4756 1473 4823 clodio

153 4852 347 4935 pobliutum
368 4846 475 4914 tuerat
496 4846 563 4913 eius
583 4866 734 4933 regnum,
759 4847 847 4931 quad
866 4845 1027 4913 diceretur
1042 4848 1081 4912 ab
1096 4868 1137 4916 eo
1151 4848 1272 4934 piratas
1292 4848 1472 4917 adinrari.”
