3202 5318
215 282 277 349 na
694 222 1049 347 tunexneeau.

212 423 330 511 proed
353 419 467 507 potuit
494 417 622 484 restitit
649 440 777 503 agrum
805 419 977 486 Picentem
1005 432 1038 487 et
1065 420 1235 489 Gallicum
1262 420 1392 487 viritim
1413 437 1538 493 contra

213 528 354 583 senatus
383 513 624 580 auctoritatem
655 513 830 578 diuidenti.
890 514 1046 595 Polybius
1074 527 1175 578 antem
1201 518 1407 582 Flaminium
1432 516 1537 605 legem

214 608 393 693 pertulisse
402 627 578 694 agrumque
598 606 753 671 Gallicum
775 606 919 672 divisisse
934 609 1032 673 tradit
1047 610 1098 674 Μ.
1121 610 1290 690 (ΑιιιιίΙίο)
1313 611 1440 694 Lepido
1459 636 1538 677 eon·

216 702 296 767 rarle.
320 704 363 783 (a.
386 723 419 767 ιι
442 722 475 765 c.
489 701 589 780 att.)
632 700 738 766 Nobie
758 686 861 765 airtem
884 701 985 767 visum
1001 702 1094 767 estin
1111 705 1174 768 hoc
1194 705 1354 769 flaminii
1372 706 1537 771 tribunatu

216 795 438 861 constituendo
461 794 632 875 Polybium
652 795 760 877 potina
777 795 978 882 requiquam
996 796 1156 873 Trallium,
1181 798 1254 882 quia
1271 811 1452 864 ceterorum
1468 800 1537 864 eius

215 889 453 973 magistratuum
477 891 560 954 ordo
578 903 610 954 et
630 888 771 952 distantia
788 889 819 951 id
839 890 1001 972 postulare
1023 890 1161 955 videtur.
1206 893 1333 956 Nam
1308 916 1334 957 ιι
1355 908 1537 977 praeturam

214 983 375 1052 flaminii
395 982 565 1066 respicias,
601 1003 693 1066 quam
721 1002 804 1047 anno
830 984 903 1047 526.
927 983 1046 1071 gessit,
1077 986 1227 1069 proiecto
1252 987 1303 1051 bic
1324 987 1408 1052 illius
1432 989 1537 1052 tribu·

216 1091 308 1145 natus
330 1077 433 1161 plebis
456 1099 519 1142 nou
543 1076 705 1162 illegitime
732 1074 761 1140 in
788 1079 873 1141 hreno
898 1100 1010 1142 ιιιιιιιιιι
1034 1079 1141 1143 incidit
1168 1093 1315 1167 quartum
1337 1093 1408 1144 ante
1441 1104 1537 1164 prae·

100 1178 108 1233 .“
213 1176 337 1236 turam:
373 1172 492 1255 quippe
515 1192 585 1234 cum
614 1170 679 1234 acri
706 1170 805 1234 simile
830 1192 893 1234 non
919 1172 977 1250 sit,
1005 1173 1105 1255 ipsum
1128 1194 1204 1237 mox
1229 1195 1269 1236 ex
1294 1186 1357 1237 tam
1384 1175 1536 1241 seditioso

216 1266 377 1329 tribunatu
404 1265 436 1328 in
463 1276 642 1347 praeturam
669 1264 849 1339 transiisse,
884 1265 926 1343 si,
961 1278 995 1329 ιιι
1021 1289 1061 1330 ex
1090 1265 1248 1332 Cicerone
1273 1266 1457 1354 colligitur,
1492 1270 1536 1350 0.

188 1444 193 1477 ,
216 1357 322 1424 Fabia
345 1359 476 1425 conside
495 1357 610 1422 iterum
634 1359 792 1422 tribunum
807 1359 916 1441 'plebis
940 1380 1038 1445 agros
1053 1359 1197 1473 divisisse
1213 1361 1358 1427 dicamus.
1380 1362 1535 1426 Proetus.

722 1517 855 1581 Forata
867 1518 1031 1604 agrario.

302 1640 484 1727 ,Agraria
503 1651 604 1704 autera
628 1640 830 1725 promulgata
850 1651 898 1704 est
917 1641 1081 1715 ed'louio,
1106 1663 1180 1705 sane
1202 1642 1297 1716 levis,
1322 1645 1429 1707 eadem
1452 1643 1537 1714 lere.

163 1790 168 1801 .
217 1733 381 1825 quesierit
405 1735 547 1800 Plotia.”
570 1737 609 1798 ad
631 1736 703 1800 Αιι.
727 1735 755 1797 l.
781 1734 837 1810 18,
863 1735 957 1798 6.-
980 1737 1165 1821 „Agraria
1177 1736 1230 1800 lex
1245 1757 1262 1800 a
1278 1736 1393 1802 llario
1408 1737 1539 1801 tribuno

216 1830 319 1915 plebia
349 1832 552 1894 vehementer
586 1829 765 1913 agitabatur
799 1839 930 1891 erectore
958 1829 1135 1910 Pompeio:
1169 1852 1249 1915 quae
1280 1831 1356 1894 nihil
1382 1832 1541 1914 populare

218 1927 354 1989 babebat
375 1934 504 2007 praeter
530 1933 705 1986 auctorem.
750 1923 803 1986 Ex
827 1923 887 1984 lnc
908 1943 970 2006 ego
993 1922 1063 2007 lege
1083 1929 1217 1986 sectanda
1244 1924 1402 1989 cantionis
1426 1925 1543 1988 volun·

218 2027 283 2081 tate
306 2016 410 2081 omnia
436 2018 488 2080 illa
506 2018 674 2090 tollebam,
698 2036 778 2098 qliae
796 2016 834 2077 ad
850 2015 1047 2097 priuatorum
1071 2016 1303 2081 incommodum
1320 2018 1541 2101 pertinebant:

218 2111 391 2176 liberabam
410 2132 522 2197 agrum
538 2132 624 2186 etim,
643 2109 697 2194 qui
711 2111 750 2174 P.
766 2109 882 2172 Mucio
898 2111 940 2173 L.
960 2107 1138 2192 Calpurnio
1154 2133 1239 2176 coss.
1252 2114 1397 2194 publicus
1409 2112 1540 2186 fuisset3

217 2204 421 2271 Sullanorum
443 2205 601 2269 bauunurn
621 2203 842 2287 possessiones
865 2203 1109 2267 conlirmabamr
1133 2206 1367 2271 Volaterranos
1386 2219 1420 2271 et
1437 2212 1541 2272 Arre·

219 2298 322 2375 tinas,
347 2321 483 2385 quorum
495 2320 605 2383 agrum
624 2298 710 2362 Sulla
724 2298 898 2380 publicarat
914 2319 1016 2383 neque
1032 2299 1200 2375 diuiserat,
1218 2300 1248 2363 in
1263 2321 1318 2364 sna
1335 2302 1541 2383 possessione

218 2397 414 2461 retinebatur
447 2416 538 2458 tanain
561 2393 715 2458 rationem
736 2392 1021 2468 nonreiiciebam,
1044 2404 1080 2457 ut
1098 2414 1178 2479 ager
1201 2396 1261 2458 bac
1287 2395 1461 2458 adventicia
1484 2416 1541 2477 pe·

219 2491 310 2554 carnia
333 2500 513 2564 emeretur,
550 2508 628 2570 quae
656 2508 696 2550 ex
724 2487 815 2550 novis
838 2486 1045 2571 vectigalibus
1065 2508 1126 2570 per
1144 2488 1388 2572 quinquennium
1414 2491 1541 2570 recipe·

218 2595 321 2649 retur.
367 2585 452 2647 Huic
475 2582 533 2646 toti
552 2581 668 2645 rationi
692 2580 835 2663 agrariae
859 2595 984 2644 senatus
1007 2584 1234 2645 adversabatur
1257 2584 1419 2664 suspicans
1441 2584 1541 2646 Pom·

219 2676 292 2761 peio
318 2699 434 2742 novam
458 2679 613 2762 quandam
635 2673 806 2756 potentiam
830 2677 952 2758 quaeri.
997 2675 1170 2757 Pompeius
1190 2697 1266 2740 aero
1281 2678 1321 2739 ad
1343 2676 1540 2739 voluntatem

218 2770 430 2855 perferendae
452 2770 534 2850 legis
556 2766 778 2833 incubuerat.’'
823 2770 861 2829 ad
883 2767 954 2832 Au.
976 2768 1087 2847 atu,
1110 2770 1142 2831 ll.

305 2863 528 2949 Prnmulgavit
557 2885 624 2924 eam
654 2866 696 2927 Ι..
724 2862 861 2926 ilarius
890 2864 1034 2926 tribunus
1062 2864 1164 2944 plebis
1191 2885 1220 2928 a.
1242 2885 1274 2926 ιι.
1298 2862 1371 2927 693.
1415 2863 1454 2927 In
1484 2886 1539 2938 ea,

221 2958 355 3040 Pighius
384 2961 422 3021 ad
452 2961 486 3020 b.
514 2977 543 3020 a.
571 2955 691 3041 inquit,
726 2956 815 3038 plura
844 2955 948 3037 capita
978 2955 1121 3038 inprimis
1155 2957 1342 3020 videbantur
1369 2956 1476 3043 iniqua
1509 2970 1541 3022 ct

220 3067 347 3116 ιιιιιιιιι
370 3049 551 3115 stratoritati
577 3049 751 3126 contraria,
787 3049 858 3133 quia
888 3060 919 3111 et
941 3072 992 3113 res
1020 3051 1167 3115 iudicatas
1195 3052 1413 3114 rescindebant
1439 3062 1473 3115 et
1501 3053 1541 3114 ad

219 3147 419 3230 privatorum
443 3145 675 3210 incommodum
697 3143 916 3226 pertinebant,
940 3146 1019 3207 baec
1037 3145 1201 3209 videlicet:
1225 3146 1283 3210 Uti
1303 3146 1332 3208 is
1351 3165 1458 3229 ager,
1481 3145 1540 3231 qni

219 3244 260 3309 Ρ.
284 3240 405 3306 Maecio
427 3243 468 3304 1..
492 3237 680 3321 Calpurnio
701 3257 789 3301 coss.
810 3237 966 3318 publicus
978 3236 1116 3329 fuisset
1131 3260 1295 3325 quemque
1309 3251 1450 3303 senatus
1461 3250 1540 3323 post

220 3356 280 3400 eos
299 3336 457 3399 consedes
478 3331 694 3407 vendiderat,
730 3331 890 3394 restituto
917 3333 1129 3415 emptoribus
1147 3334 1279 3418 pretio,
1312 3331 1540 3404 diuideretnre

221 3430 338 3515 utique
362 3431 672 3495 Volaterranorum
694 3425 1051 3511 Artemitanornmqne
1071 3427 1168 3511 agri,
1199 3449 1284 3512 quoa
1307 3431 1348 3492 Ι..
1371 3429 1469 3493 satta
1488 3427 1540 3489 di·

220 3535 334 3589 etotor
357 3523 551 3608 publicarat
573 3541 633 3583 nse
654 3518 870 3595 vendiderat,
905 3520 1157 3593 diuiderentnrr
1187 3522 1304 3606 utique
1324 3543 1371 3584 eae
1392 3520 1540 3605 uectiga-

220 3619 310 3684 libus
338 3639 448 3702 nuper
474 3617 561 3679 bello
595 3613 760 3699 queaeritis
788 3635 853 3698 per
883 3613 1152 3724 quinquennium
1180 3615 1329 3699 pecnnia
1355 3615 1403 3678 ed
1433 3636 1540 3700 agrae

80 3714 89 3736 ‘
221 3712 383 3778 emendos
408 3710 563 3796 plebique
591 3709 798 3772 diuidundos
825 3707 1055 3791 reciperetare
1090 3709 1206 3794 utique
1232 3709 1388 3775 omnibus
1413 3709 1541 3773 ciuibus

221 3804 437 3916 aeffragiaem
457 3815 563 3868 esset:
595 3803 626 3866 id
648 3805 736 3888 quod
758 3800 863 3864 adiicit
885 3805 923 3864 ad
949 3803 1082 3886 gratiana
1109 3803 1174 3889 legi
1198 3803 1445 3880 conciliandam,
1473 3823 1539 3888 quo

221 3901 316 3966 citius
339 3922 356 3964 a
378 3899 471 3982 plebe
491 3896 701 3980 reciperetur.
746 3896 838 3958 Hanc
862 3895 969 3979 itaque
997 3909 1225 3982 oppugnarunt
1251 3898 1325 3962 totis
1351 3897 1473 3961 aurbus
1496 3897 1539 3961 1.

224 3996 397 4070 Laroarllus,
429 3994 481 4058 Μ.
512 3991 597 4057 Cata
627 4003 657 4054 et
688 3990 789 4054 omnis
821 3990 956 4073 denique
988 4004 1130 4070 senatus,
1167 3991 1301 4074 huicque
1334 3992 1395 4056 toti
1426 3990 1541 4055 rationi

223 4089 370 4175 agrariae
392 4088 657 4160 adversabantur,
682 4083 892 4168 antesignano
914 4085 1055 4168 inprimis
1072 4087 1116 4167 0.
1140 4086 1275 4150 Metello
1299 4086 1449 4150 conside:
1472 4105 1541 4148 res-

224 4206 286 4269 que
309 4206 349 4248 eo
375 4181 522 4266 pervenit
545 4179 777 4255 contentionis,
810 4178 854 4242 uti
880 4180 993 4244 consul
1015 4201 1032 4243 a
1053 4182 1179 4246 tribuna
1200 4180 1301 4262 plebis
1327 4180 1540 4245 incarcerata

224 4280 403 4343 duraretur.
447 4274 594 4355 Cumque
615 4285 743 4337 senatus
763 4272 1013 4358 optimatumque
1032 4277 1115 4339 ordo
1133 4275 1235 4338 artinis
1258 4275 1424 4339 Metellum
1445 4274 1544 4340 couri·

223 4382 347 4435 teretur
369 4374 409 4435 ad
433 4388 657 4454 carceremque
683 4366 886 4443 conveniret,
910 4368 1045 4432 diarias
1066 4369 1142 4432 sella
1164 4367 1330 4433 tribunicia
1356 4368 1429 4433 ad
1420 4389 1541 4433 ιιιιιιιιιι

224 4466 327 4547 posita
356 4465 507 4537 neminem
530 4461 652 4548 ingredi
675 4481 786 4544 passus
808 4471 866 4526 est.
909 4462 1058 4526 Metellus
1083 4462 1181 4546 igitur
1206 4461 1297 4527 iussit
1322 4482 1446 4526 ιιιιιιιιιιι
1470 4482 1543 4563 qar-

224 4558 307 4620 ccris
331 4557 510 4641 perforari,
535 4568 570 4620 ιιι
587 4567 714 4620 senatus
737 4576 796 4637 per
818 4576 887 4618 eum
911 4554 1044 4620 introire
1063 4569 1185 4639 posset.
1228 4556 1402 4640 Pompeius
1426 4538 1540 4631 atatim,

225 4672 297 4713 ctam
318 4672 421 4735 neque
443 4651 532 4714 minis
554 4672 655 4737 neque
686 4649 864 4714 terroribus
891 4650 944 4713 lex
971 4649 1106 4713 obtineri
1131 4663 1259 4756 posset,
1292 4655 1417 4735 pudore
1439 4651 1541 4716 victua

226 4743 386 4811 tribunum
409 4745 570 4809 discedere
590 4743 819 4830 rogatiuniquc
840 4747 1046 4828 supersedere
1067 4743 1168 4809 iussit.
1211 4746 1295 4811 Vide
1309 4746 1448 4813 Dionem
1463 4742 1543 4812 Cas·
