3202 5318
505 362 937 433 GRAECO-LATINUS.
1340 372 1379 436 81

139 505 321 582 Πολιτικὸς
347 506 448 593 ἀνήρ,
474 505 526 569 rei
544 506 704 590 publicae
731 506 868 570 deditus
896 508 962 572 uir.
1008 510 1099 584 „Sed
1119 509 1238 575 interea
1255 519 1380 580 πολιτι-

52 601 112 677 κδς
143 602 232 688 ἀνὴρ
265 602 336 666 οὐδ’
371 601 455 686 ὄναρ
483 598 647 686 quisquam
673 599 808 663 inveniri
836 601 984 685 potest.’‘
1033 605 1072 667 ad
1100 605 1171 668 Au.
1202 606 1232 671 l.
1257 607 1315 684 18,
1346 607 1378 674 0.

52 694 137 759 vid.
161 716 191 759 a.
215 716 249 757 v.
273 697 354 761 Oc’d'
378 695 475 783 ὄναρ.

140 790 321 866 Πολιτικὸς
344 790 518 874 σύλλογος,
542 801 726 854 conuentus
744 802 777 852 et
795 811 909 854 sermo
935 792 977 855 de
999 793 1134 859 rati0ne
1156 795 1208 876 rei
1224 795 1381 878 publicae

54 883 245 969 gerendae.
289 885 397 958 „Volo
416 885 554 971 aliquem
578 883 763 966 Olympiae,
789 896 840 947 aut
863 885 918 949 ubi
941 886 1060 965 visum,
1085 889 1251 955 πολιτικὸν
1265 886 1381 957 ndito-

55 1004 134 1063 γον,
158 1000 250 1042 more
271 978 481 1056 Dicaearchi,
504 978 667 1043 familiaris
691 978 749 1042 tui.
759 979 778 1004 ”
822 984 860 1042 ad
882 983 952 1045 Att.
976 982 1081 1046 XIll.
1104 983 1163 1059 30,
1187 983 1228 1067 3.

142 1076 347 1150 Πολιτικοῖς,
377 1084 416 1136 tat
441 1075 554 1137 uirum
581 1073 633 1136 rei
649 1073 807 1157 publicae
825 1074 978 1159 peritum
1001 1075 1116 1152 decet,
1147 1077 1384 1142 conuenienter

55 1168 283 1252 reipublicae,
295 1168 498 1252 prudenter.
517 1166 639 1248 „virum
650 1166 767 1230 fortem
780 1179 810 1230 et
821 1169 957 1251 peritum
968 1170 1182 1253 utplurimum
1194 1170 1383 1236 auctoritate

57 1261 218 1326 valentem
233 1262 362 1326 audiena
381 1267 551 1338 πολιτικῶς
573 1264 611 1325 de
626 1261 715 1343 pacis
731 1261 892 1326 simulatae
908 1262 1059 1346 perieulis
1074 1264 1291 1330 disserentem.
1302 1265 1320 1290 ’⁹
1343 1268 1384 1330 ad

54 1357 133 1420 Au.
163 1355 247 1421 VII.
278 1356 315 1433 8,
346 1358 377 1420 0.
405 1379 452 1403 —‘
496 1359 574 1438 „Ne
599 1357 746 1419 simulare
776 1356 899 1439 quidem
929 1357 1048 1440 poterit
1070 1360 1239 1443 quidquam
1260 1366 1383 1428 πολιτι-
1439 1419 1443 1427 ,

55 1448 221 1529 ιὸς.”ίτιδ
242 1452 315 1515 Au.
338 1452 421 1515 VII.
447 1451 532 1527 13³,
558 1454 589 1513 1.
613 1483 655 1493 -
703 1452 782 1531 „Dc
805 1472 862 1528 eo,
882 1446 974 1538 qnod
995 1473 1043 1514 me
1065 1474 1191 1530 menes,
1216 1466 1249 1518 ut
1272 1467 1304 1518 et
1323 1481 1384 1521 νιο-

55 1547 186 1621 λιτικός
206 1566 257 1609 me
279 1566 390 1629 geram
416 1556 447 1608 et
466 1546 524 1625 τήν
546 1545 613 1611 ἔσω
637 1545 791 1631 γραμμὴν
815 1557 957 1622 teneam,
982 1546 1024 1610 ita
1044 1546 1202 1611 sacinm.”
1247 1550 1287 1611 ad
1310 1549 1381 1615 Att.

53 1638 120 1702 IV.
140 1640 213 1715 80,
238 1640 271 1702 t.
844 1652 847 1657 ·

138 1732 405 1822 Πολιτικιδτερα,
434 1735 631 1798 accuratius
658 1733 907 1816 disputatade
930 1757 967 1798 re
987 1735 1135 1819 publica.
1181 1736 1261 1817 „Ad
1283 1736 1386 1801 Dnia-

55 1826 191 1903 hellam,
224 1838 261 1890 ut
285 1827 418 1904 acribia,
449 1827 490 1890 ita
518 1840 598 1912 putu
624 1827 817 1904 faciendum,
848 1829 1019 1917 κοινότερα
1042 1830 1193 1914 quaedam
1212 1838 1384 1898 εῑνιολιτιι

56 1920 225 2009 κότερα.η
268 1924 309 1984 ad
336 1923 406 1985 Att.
432 1922 535 1986 XIII.
561 1926 619 1998 10,
650 1923 681 2001 2.
706 1954 746 1965 -
790 1924 902 1996 „Haec
921 1925 961 1987 ad
982 1936 1012 1986 te
1031 1923 1146 2006 scripsi
1165 1924 1310 2007 apposita
1332 1947 1384 1989 se-

57 2017 154 2079 renda
178 2036 308 2079 mensae
332 2016 424 2099 ptura
447 2028 478 2080 et
500 2017 733 2103 πολιτικώτερα
760 2017 913 2099 postea.''
941 2021 980 2081 ad
1003 2019 1074 2082 Au.
1097 2018 1198 2084 XIV.
1224 2018 1261 2095 6,
1287 2019 1319 2082 2.
1343 2055 1384 2065 -

58 2109 332 2197 ,Πολιτικότερα
353 2110 405 2173 iila
430 2110 603 2174 videamus.
618 2110 637 2138 ‘'
681 2113 720 2173 ad
742 2112 814 2176 Au.
836 2112 937 2176 XIV.
964 2114 1020 2188 tt,
1047 2117 1078 2175 1.

136 2206 418 2292 Πολιτικώτερον,
446 2205 740 2269 accommodatius
761 2205 809 2266 ad
830 2206 1001 2269 rationem
1026 2204 1251 2290 reipublicae
1272 2208 1384 2289 αδηεί-

57 2295 268 2363 mumma.
322 2301 438 2380 „'l'uas
467 2300 553 2364 curui
577 2302 614 2362 de
636 2298 685 2361 rei
707 2299 854 2380 publicae
877 2310 959 2362 statu
981 2298 1103 2362 litteras
1125 2313 1300 2383 exspecto,
1324 2329 1384 2368 πο-

58 2393 262 2481 λιτικότερον
283 2392 409 2476 quidem
432 2393 594 2476 scriptas''
616 2404 677 2458 cet.
699 2394 739 2455 ad
761 2395 832 2456 Att.
856 2394 903 2455 V.
928 2393 987 2467 10,
1013 2391 1045 2454 2.

136 2487 416 2574 Πολιτικότερος,
442 2487 493 2550 rei
514 2487 673 2572 peiblieae
688 2486 847 2568 peritior.
892 2485 1176 2571 ..Πολιτικότερον
1197 2497 1226 2549 te
1242 2486 1384 2569 (Caelio)

57 2582 156 2647 adhuc
178 2580 336 2647 neminem
359 2582 545 2666 eognovi.''
590 2584 629 2644 ad
652 2580 743 2644 Fam.
768 2580 816 2644 lI.
841 2580 878 2656 8,
904 2582 933 2644 1.

136 2676 259 2743 Πολλοὶ
284 2678 315 2742 δ’
336 2687 372 2744 ἐν
391 2687 573 2760 μεταιχμίῳ
600 2674 709 2752 Νότος
729 2680 867 2740 κυλίνδει
894 2676 1009 2758 κύματ’
1034 2676 1156 2761 εὐρείης
1174 2679 1270 2756 ἁλός,
1297 2683 1384 2742 mut-

57 2782 109 2835 tos
129 2782 251 2835 mntem
278 2770 315 2834 in
342 2770 456 2835 medio
473 2770 603 2834 Auster
625 2770 726 2833 volvit
736 2768 881 2862 fluctus
904 2769 968 2832 lati
987 2769 1115 2842 maris;
1152 2770 1384 2836 hemistichium

59 2888 125 2929 eun
144 2861 277 2931 senario
299 2864 427 2949 integro
450 2864 568 2928 veteris
591 2862 719 2947 tragici.
765 2865 804 2924 ad
826 2864 898 2926 Au.
923 2863 986 2927 VI.
1010 2865 1048 2938 3,
1074 2867 1105 2926 1.

136 2960 257 3026 Πολλὰ
279 2970 409 3046 χαίρειν
433 2964 478 3041 τῷ
500 2962 605 3040 καλῷ,
633 2956 748 3019 dicens
774 2960 918 3020 multam
940 2959 1086 3021 salutem
1113 2960 1275 3038 honesto,
1310 2964 1384 3026 vale

59 3052 168 3118 dicem
189 3056 347 3117 honesto.
394 3055 433 3115 ad
456 3058 527 3117 Aut.
552 3052 652 3116 VIII.
678 3053 718 3128 8,
746 3051 777 3112 t.

136 3152 267 3214 Πολλοί
286 3156 435 3232 μαθηταί
454 3159 628 3231 κρείττονες
648 3146 873 3222 διδασκάλων,
897 3147 996 3210 multi
1017 3146 1178 3230 discipuli
1194 3161 1379 3230 praestan·

60 3242 161 3308 tiores
184 3242 377 3326 magistris.
424 3246 463 3304 ad
486 3243 577 3306 Fam.
603 3243 667 3304 IX.
693 3247 728 3318 t,
753 3241 784 3302 2.
831 3242 983 3303 Senarius
1008 3254 1116 3303 notua.

138 3341 278 3403 Πολλοῦ
296 3365 330 3420 γε
353 3349 410 3402 καὶ
436 3343 504 3410 δεῖ,
537 3339 682 3399 multum
705 3336 841 3419 quidem
863 3337 970 3399 abest.
1016 3337 1055 3398 ad
1077 3336 1148 3399 Au.
1173 3335 1239 3400 VI.
1264 3339 1302 3412 1,
1328 3337 1380 3413 320.

62 3432 188 3507 Verba,
214 3432 330 3517 quihus
356 3434 473 3494 erebro
497 3432 729 3494 Demosthenes
753 3430 863 3492 utitur.

138 3527 469 3612 Πολυγραφῶτατος,
506 3526 565 3611 qui
587 3525 743 3609 plurima
770 3525 919 3606 scripsit.
968 3523 1134 3597 „Primum
1165 3527 1378 3605 (exspecto),

10 3706 14 3715 .
63 3619 109 3703 qni
131 3618 332 3684 iuteIIexeris
361 3641 431 3682 eum
459 3621 677 3683 desiderarea
707 3639 773 3691 me,
805 3640 873 3678 eum
905 3616 972 3699 ipse
998 3619 1095 3682 homo
1118 3619 1380 3705 πολυγραφώτα-

63 3740 106 3790 τος
131 3735 292 3799 nunquam
318 3735 365 3777 me
388 3713 606 3778 lacessisset.'’
649 3715 690 3775 ad
712 3713 783 3775 Ati.
808 3712 912 3774 XIII.
938 3713 989 3774 18.

137 3808 389 3884 Πολυδεύκους,
418 3806 566 3873 Pollucis
596 3808 711 3870 aeden.
763 3805 825 3885 „ln
855 3805 907 3867 illa
934 3805 1008 3868 item
1032 3809 1193 3887 (statua),
1226 3818 1380 3890 quaeest

64 3903 358 3978 ιίΠολοδεῦκους,
390 3902 520 3966 hercule
550 3901 735 3982 inscriptum
758 3910 805 3961 est
828 3896 956 3962 COS.''
1009 3904 1047 3963 ad
1071 3903 1143 3967 Au.
1165 3901 1229 3964 VI.
1254 3904 1291 3977 1,
1325 3904 1377 3968 17.

136 4001 343 4082 Πομπεῦσαι
374 4008 430 4061 καὶ
456 4011 521 4071 τοῖς
549 3995 753 4079 προσώποις,
779 3993 868 4055 libro
893 4005 1055 4056 ornatum
1083 4015 1249 4079 quaerere
1274 3996 1379 4058 etiam

65 4094 194 4177 agnis
213 4091 375 4175 persoru‘a
401 4090 613 4154 inducendis.
668 4090 728 4163 „Is
750 4100 854 4152 autem
879 4099 926 4150 est
952 4087 1196 4164 (Postumius),
1226 4087 1279 4171 qui
1307 4110 1377 4150 cum

66 4183 196 4251 LucuIIo
217 4185 297 4258 fuit3
328 4207 420 4271 quem
443 4196 475 4247 tu
504 4185 576 4248 mihi
603 4183 747 4246 addidisti
769 4204 843 4246 sane
867 4185 905 4244 ad
920 4181 1004 4244 iilum
1030 4183 1190 4264 σύλλογον
1209 4203 1377 4263 personam

65 4275 215 4344 'innam
260 4279 397 4343 Videbis
424 4278 538 4364 igitur,
572 4279 598 4342 si
624 4277 764 4360 poteris,
796 4289 943 4340 ceteros:
975 4288 1007 4337 ut
1040 4275 1197 4356 possimus
1234 4284 1378 4360 πομτεῦ-

68 4398 113 4440 «τι
133 4386 193 4441 καλ
222 4388 288 4450 τοῖς
312 4374 537 4461 προοῶποις.”
589 4376 627 4435 ad
651 4375 722 4435 Att.
746 4372 846 4435 XIII.
871 4371 930 4444 32,
962 4369 993 4431 3.
1041 4367 1160 4432 cicero
1185 4389 1247 4431 non
1274 4372 1376 4435 solum

10 4512 12 4518 -
69 4469 176 4555 agnis
203 4473 302 4531 rebus
328 4468 480 4532 refertum
510 4467 659 4550 cupiebat
682 4489 751 4529 eum
774 4468 954 4549 σύλλογον,
986 4483 1078 4544 quem
1102 4462 1239 4525 habebat
1260 4462 1292 4527 in
1316 4488 1379 4529 ma-

10 4578 15 4614 !
72 4560 162 4640 ἧι,
196 4562 371 4628 sedetiam
399 4562 520 4646 magnis
543 4561 721 4624 hominihus
745 4560 808 4637 uti,
840 4570 874 4622 ut
900 4579 939 4622 eo
963 4555 1063 4619 maier
1086 4555 1160 4617 hbrr
1182 4558 1318 4642 dignitas
1346 4573 1379 4624 et

10 4672 23 4711 ι
75 4664 189 4722 turns
220 4669 317 4722 esset.
371 4658 482 4740 ltaque
512 4655 653 4719 Atticum
683 4667 795 4739 regat,
828 4665 879 4729 ut,
911 4672 981 4713 cum
1012 4648 1073 4711 iam
1104 4670 1198 4713 uuum
1229 4656 1378 4736 suppedi-

10 4774 24 4807 ε
77 4756 152 4813 unet
172 4751 371 4826 huiusmodi,
399 4754 509 4834 plures
531 4760 738 4834 suggereret.
783 4750 868 4811 Enu.

143 4846 360 4930 [[Ιονοιῖμαι,
385 4847 496 4910 labore
519 4856 550 4908 et
572 4843 716 4908 molestia
740 4841 910 4906 conficior.
955 4842 996 4903 ad
1019 4843 1090 4905 Au.
1113 4840 1212 4909 XVI.
1239 4840 1315 4920 10,]

135 4972 257 5021 Oce-ast.
277 4975 330 5021 Cic.
351 4974 396 5020 III.
618 5032 623 5044 ⁸
1217 4964 1230 5010 ⁶
