3202 5318
979 160 1013 233 ·
1079 141 1083 151 .

563 361 995 433 aurunco-Lautum.
1423 362 1464 431 39

135 512 313 591 „Brigeco
332 517 365 572 te
393 504 573 573 scribebas.
618 506 705 587 Quid
727 518 796 571 erat
813 506 1010 575 dubitatione
1033 508 1162 595 dignum
1173 507 1191 534 ''
1220 520 1283 574 eet.
1328 511 1367 574 ad
1388 509 1462 574 Art.

134 604 200 670 Vl.
222 604 263 679 9,
288 604 344 669 3..

214 697 543 782 Ἐπιγεννηματικόν,
589 698 682 777 „Sed
698 696 728 760 in
749 695 865 761 ceteris
884 698 1006 762 artibus
1027 720 1098 762 cum
1120 697 1236 762 dicitur
1252 695 1463 777 artificiose,

131 804 302 878 posterum
328 793 467 875 quodam
498 793 595 856 modo
625 802 657 854 et
684 812 883 875 consequens
908 792 1096 876 putandumx
1111 782 1178 869 esf,
1211 792 1299 875 quod
1320 790 1366 855 illi
1393 801 1465 858 ἐπι-

134 887 370 973 γεονηματικόν
398 885 579 970 appellant:
611 887 699 971 quod
725 898 827 949 antem
850 886 881 948 in
904 907 970 967 quo
1000 887 1176 972 sapienter
1204 886 1351 962 dicimus,
1383 884 1417 949 id
1445 904 1465 949 a

133 983 241 1066 primo
274 980 454 1045 rectissime
483 977 642 1044 dicitur.”
683 984 725 1055 de
753 981 849 1045 Finn.
884 981 952 1045 ΙΙΙ.
987 981 1029 1058 9,
1059 982 1113 1045 39.
1155 979 1465 1067 Ἐυιγεννηματικόν

134 1079 174 1141 ah
195 1087 415 1161 ἐπιγέννημα,
444 1098 511 1161 quo
540 1077 643 1143 verbo
667 1075 774 1138 dicunt
793 1096 889 1140 omne
909 1076 960 1152 id,
984 1078 1073 1161 quod
1093 1097 1135 1139 ex
1157 1074 1265 1159 primo
1291 1072 1465 1160 'consequi-

133 1184 211 1247 tnr,
242 1171 336 1257 eique
361 1171 543 1235 adiunctum
572 1180 641 1234 est:
672 1181 832 1255 tamquam
860 1171 982 1247 πάθος,
1019 1172 1106 1253 quod
1131 1190 1149 1234 c
1170 1171 1288 1234 morbo
1309 1167 1466 1254 primario

135 1265 291 1349 consequi
316 1265 424 1342 solet,
448 1265 611 1348 appellant
634 1264 746 1329 medici
771 1265 838 1328 eins
860 1264 966 1329 morbi
987 1273 1193 1349 ἐπιγέννημα.
1239 1266 1317 1330 Ηοο
1331 1269 1466 1335 verbum

138 1360 252 1425 deinde
277 1361 316 1423 ad
340 1360 581 1443 philosophiam
606 1359 771 1451 &loiris
795 1360 974 1422 traductum
999 1371 1064 1435 est,
1098 1360 1162 1423 hoc
1184 1377 1290 1423 seusu.
1335 1363 1402 1426 Ars
1431 1385 1467 1432 v.
1531 1421 1534 1425 .

136 1476 165 1519 c.
191 1452 350 1540 pictoria,
376 1464 425 1517 est
443 1465 604 1539 tamquam
626 1464 723 1538 caput
745 1464 777 1517 et
797 1451 983 1535 primarium
1008 1453 1104 1539 quid:
1128 1472 1200 1517 cum
1222 1464 1326 1519 autem
1347 1456 1468 1544 aliquid

134 1570 172 1613 er
196 1560 270 1613 arte
296 1568 334 1612 ea
355 1547 531 1612 artificiose
551 1547 705 1625 facimus,
729 1548 761 1611 id
783 1550 906 1611 deinum
940 1568 982 1612 ex
1007 1546 1128 1631 primo,
1162 1548 1195 1613 h.
1220 1567 1250 1612 e.
1274 1569 1317 1613 ex
1339 1562 1407 1614 arte
1428 1572 1465 1618 ea

134 1641 363 1728 consequitur,
388 1654 420 1705 et
449 1653 498 1705 est
516 1642 583 1706 eius
600 1643 678 1707 artis
693 1655 890 1728 ἐπιγέννημα
909 1665 938 1707 s.
961 1643 1266 1727 ἐπιγοννηματικὸν,
1285 1655 1469 1726 posterum

133 1737 287 1823 quodam
308 1736 410 1803 modo
434 1748 469 1800 et
487 1757 714 1822 consequens,
738 1750 773 1800 ut
796 1737 913 1802 Cicero
935 1736 1178 1818 interpretatur.
1223 1738 1261 1801 Id
1283 1759 1374 1802 secus
1397 1761 1467 1805 esse

133 1832 206 1895 dicit
224 1831 260 1895 in
287 1852 348 1909 eo,
372 1838 445 1894 curn
468 1831 544 1913 quid
564 1831 728 1914 sapienter
751 1829 881 1904 dicitur;
914 1830 948 1894 id
973 1831 1055 1895 enim
1077 1851 1142 1894 nou
1167 1829 1227 1894 dici
1252 1843 1466 1921 ἐπιγεννημα-

134 1927 237 2003 νοιόν,
263 1927 322 1988 sed
346 1923 532 2008 primarium
558 1937 590 1988 et
615 1937 711 2008 caput
737 1925 799 1989 rei.
829 1928 915 1990 Ean.
968 1925 1116 1990 Pressius
1142 1937 1174 1988 et
1195 1926 1235 1988 ad
1256 1927 1291 1988 h.
1320 1928 1468 2011 Leptine

135 2018 287 2104 exposuit
307 2020 373 2084 hoc
391 2020 524 2082 verbum
544 2020 760 2084 Goerenzius
782 2020 829 2082 V.
854 2018 897 2085 C.
943 2018 1073 2102 „Stoici
1089 2018 1239 2082 virtutem
1255 2019 1288 2084 in
1304 2025 1468 2108 ὁμολογίᾳ

133 2118 319 2200 ponebant,
343 2115 461 2189 idest,
485 2112 518 2176 in
536 2134 574 2177 ea
597 2113 752 2178 sentiendi
771 2113 992 2200 'uidicaudique
1009 2113 1153 2189 untione,
1177 2135 1258 2197 quac
1280 2115 1374 2198 plene
1396 2139 1468 2184 cum

135 2223 246 2275 natura
266 2208 441 2274 consentit.
486 2208 580 2289 Quae
605 2221 707 2273 autem
726 2231 768 2272 ex
791 2210 851 2271 hac
873 2208 1032 2273 constanti
1053 2208 1147 2271 animi
1162 2209 1338 2293 mentisque
1361 2212 1469 2295 dispo-

135 2305 248 2370 sitione
278 2302 479 2366 sensationes
499 2303 680 2378 orirentur,
714 2315 750 2366 ut
767 2302 933 2388 gaudium,
958 2301 1052 2365 animi
1074 2302 1216 2365 hilaritas
1238 2314 1319 2380 cet„
1345 2324 1399 2368 eas
1427 2326 1467 2370 ex

136 2398 411 2483 ἐπιγεννήματος,
437 2396 529 2480 qnasi
554 2397 751 2463 accessorias
771 2397 881 2460 virtuti
911 2396 1079 2469 dixeruut3
1109 2395 1229 2480 quippe
1252 2418 1334 2481 quae
1356 2420 1398 2462 ex
1413 2399 1467 2466 illa
1533 2422 1541 2439 ⁸

135 2493 342 2577 dispositione
365 2489 548 2554 necessario
568 2491 755 2555 existerent.
809 2491 887 2554 Non
912 2489 1013 2574 igitur
1037 2501 1101 2552 tam
1127 2489 1159 2553 in
1182 2502 1317 2553 externa
1341 2491 1467 2558 actionc
1548 2524 1552 2529 ·

136 2584 325 2680 etefsectn
352 2582 481 2648 virtutis
507 2585 571 2647 rim
594 2596 625 2648 et
643 2597 787 2648 naturam
811 2585 995 2668 ponebant,
1020 2603 1114 2667 quam
1130 2582 1161 2645 in
1186 2596 1303 2647 conatu
1324 2595 1357 2648 et
1378 2586 1467 2664 οἰνος

136 2683 252 2767 quippe
279 2680 349 2745 sine
378 2701 445 2765 quo
471 2700 511 2742 ne
534 2681 620 2745 actio
646 2681 774 2764 quidem
798 2690 897 2756 esset,
931 2678 1088 2742 actionem
1115 2677 1197 2741 enirn
1224 2677 1314 2763 quasi
1340 2679 1467 2746 virtutis

135 2777 402 2859 complementum
422 2776 620 2856 spectabant.
643 2774 887 2857 Explicavimus
904 2774 983 2835 haec
1004 2772 1111 2835 verbis
1127 2772 1365 2851 communibus,
1384 2777 1469 2853 trude

136 2870 278 2945 facilins,
313 2889 397 2954 quae
420 2889 463 2932 ex
489 2871 624 2932 adversa
644 2879 736 2951 parte
763 2871 801 2931 de
827 2878 962 2948 peccato
992 2866 1186 2949 sequuntur,
1221 2868 1467 2952 intelliguntur,

138 2966 222 3027 cuius
241 2965 504 3047 ἐπιγεννήματα,
528 2966 710 3046 δυσθυμίαν
732 2975 763 3025 ct
786 2962 1018 3047 δυσφροσύνην
1042 2973 1197 3023 memorat
1223 2962 1324 3046 Diog.
1349 2966 1464 3030 La'e'rt.
1499 3035 1512 3060 ο
1533 3042 1547 3060 Ι

138 3060 216 3124 Vll.
240 3060 294 3122 91.
317 3080 370 3141 sq.
395 3079 487 3142 quem
512 3069 600 3120 recte
621 3057 809 3121 conferes.''

215 3153 477 3226 'Encdsrxrcraim
501 3152 808 3216 demonstrativum
832 3151 966 3215 dicendi
992 3172 1119 3235 genus,
1155 3153 1256 3236 quasi
1285 3153 1332 3213 ad
1360 3152 1469 3237 inopi.

138 3247 311 3322 ciendum,
336 3245 577 3309 delectationis
590 3267 717 3321 cansa,
740 3257 990 3329 comparatum.
1035 3247 1116 3308 Nam
1133 3250 1282 3325 ἐπίδειξις
1296 3257 1344 3308 est
1361 3249 1466 3314 oratio

139 3343 343 3405 ostentandae
365 3339 568 3425 eloquentiae
591 3352 622 3402 et
642 3340 718 3403 artis
745 3361 838 3402 causa
864 3338 1063 3420 conscripta.
1101 3339 1179 3406 Vid.
1208 3342 1330 3422 Spanh.
1352 3345 1390 3404 ad
1413 3343 1467 3407 Iu·

139 3435 209 3497 lian.
244 3436 308 3499 Or.
340 3436 370 3497 l.
395 3457 428 3515 p.
453 3436 505 3497 15.
561 3437 653 3499 Unde
683 3435 795 3497 deinde
826 3434 918 3496 etiam
946 3435 985 3494 ad
1010 3432 1086 3494 alias
1112 3453 1164 3495 res
1191 3435 1401 3516 transfertur,
1434 3438 1494 3501 in.

139 3530 251 3610 quibus
272 3529 351 3591 artis
374 3529 547 3593 ostentatio
570 3540 750 3610 spectatur:
775 3539 817 3603 εἰς
840 3532 1012 3606 ἐπίδειξιν,
1035 3528 1124 3590 artis
1146 3528 1326 3593 iactandae
1347 3553 1466 3595 causa.

140 3622 221 3685 Eas.
267 3625 356 3702 „Sed
383 3623 531 3707 qnoniam
556 3624 648 3705 plura
672 3635 744 3686 suut
769 3624 950 3686 orationum
974 3642 1093 3705 genera
1116 3643 1216 3705 eaque
1242 3624 1385 3701 diversa,
1411 3646 1467 3688 ne·

140 3738 196 3798 qne
222 3716 255 3780 in
280 3737 373 3780 sinam
397 3718 534 3780 formam
557 3719 672 3778 cadunt
696 3716 824 3781 omnia:
854 3715 1088 3790 laudationum,
1124 3717 1333 3798 scriptionum
1361 3729 1393 3780 et
1420 3717 1469 3780 hi·

141 3813 308 3873 storiarum
338 3823 368 3873 et
399 3811 507 3891 talium
536 3810 736 3885 strasionum,
773 3812 898 3894 qualem
929 3812 1095 3873 Isocrates
1122 3810 1198 3873 lecit
1230 3796 1466 3893 Panegyricum

144 3905 292 3990 multique
316 3905 385 3980 alii,
416 3905 565 3989 quisunt
587 3905 738 3967 nominati
764 3904 950 3987 Sophistac,
983 3903 1241 3988 reliquarumque
1264 3927 1371 3968 rerum
1393 3905 1465 3968 lor·

144 4021 237 4075 mam,
262 4020 347 4083 quae
365 4003 478 4062 absunt
498 4002 538 4061 ah
557 3998 679 4062 forensi
697 4000 916 4072 contentione,
940 4000 1070 4083 eiusque
1095 3999 1192 4061 totius
1211 3999 1354 4082 generis,
1380 4001 1468 4082 qood

144 4094 265 4157 Graece
286 4095 502 4160 ἐνδεικτικόν
524 4094 723 4168 nominatur,
753 4097 841 4175 quod
861 4096 950 4177 quasi
973 4097 1011 4155 ad
1036 4093 1261 4175 inspiciendum
1283 4091 1467 4157 delectatio·

146 4188 187 4250 uis
206 4210 306 4251 causa
325 4202 543 4271 comparatum
569 4199 634 4262 est,
661 4210 724 4252 non
744 4190 941 4270 complectar
964 4189 1026 4250 hoc
1048 4186 1236 4268 ternporc.'’
1261 4187 1384 4250 Orator
1407 4190 1465 4264 11,

145 4281 187 4346 37.
215 4320 253 4329 -
306 4284 373 4363 „In
398 4282 485 4357 aliis,
517 4283 547 4344 id
575 4293 639 4356 est,
664 4283 693 4344 in
718 4282 850 4347 historia
872 4294 903 4345 ct
926 4284 955 4343 in
977 4303 1040 4355 co,
1075 4285 1162 4362 quod
1181 4279 1374 4361 appellamus
1397 4291 1466 4347 ἐπι.

147 4381 313 4453 deterreor,
340 4377 444 4459 placet
474 4378 577 4440 omnia
604 4377 666 4440 dici
692 4378 858 4441 Isocrateo
884 4378 1182 4458 Theopompeoque
1204 4375 1336 4436 tuorc.”
1381 4377 1464 4441 Ibid.

149 4474 195 4546 ot,
220 4474 297 4535 997.

219 4569 433 4651 Ἐπιδήμιον,
456 4569 711 4651 contagiosum.
759 4617 773 4640 „
784 4567 818 4632 Si
835 4567 911 4652 quid
927 4567 1022 4627 hahet
1038 4563 1127 4627 collis
1151 4565 1339 4648 ἐπιδήμιον,
1363 4571 1403 4630 ad
1419 4591 1468 4633 ute

152 4679 207 4723 cnm
229 4665 406 4725 Tisameno
425 4661 691 4726 transieramus.”
735 4665 775 4726 ad
797 4663 866 4725 Art.
889 4660 972 4722 XII.
999 4661 1049 4719 lo.

218 4757 472 4837 Ἐτικοφάλια,
509 4756 678 4818 tributum
704 4757 741 4819 in
773 4756 913 4838 singula
941 4753 1056 4837 capita
1085 4753 1310 4835 imperatum,
1348 4757 1468 4848 Kopf-

156 4861 266 4915 nater.
311 4849 527 4933 ,Audivimus
550 4849 628 4914 nihil
652 4848 738 4915 aliud
763 4848 823 4913 nisi
849 4844 1001 4929 imperata
1028 4851 1228 4931 ε’πικεφάλια
1249 4852 1378 4914 solvere
1404 4873 1468 4914 non
