3202 5318
150 1477 195 1543 A.
222 1473 434 1556 (Absolve)
460 1470 606 1539 salutaris
639 1471 670 1538 in
698 1471 865 1540 indicendo
896 1471 1019 1551 littera,
1055 1472 1097 1540 C.
1126 1472 1380 1555 (condemno)

105 1570 179 1636 stis.
201 1590 262 1653 pro
283 1568 359 1633 Mit.
383 1568 421 1644 6,
446 1569 498 1633 15.

152 1663 405 1731 Abalienatio
420 1673 468 1725 est
482 1661 549 1726 eius
563 1660 627 1739 rei,
651 1681 732 1746 quae
747 1662 890 1746 mancipi·
897 1675 962 1742 est,
979 1673 1034 1728 sut
1047 1662 1177 1730 traditio
1191 1662 1282 1728 siteri
1296 1684 1382 1728 nexu
1413 1732 1420 1743 ,

107 1759 167 1824 tin
181 1759 250 1822 iure
268 1755 389 1833 cessio,
413 1755 496 1819 inter
516 1776 598 1841 quos
618 1775 654 1820 ea
674 1753 743 1818 iure
762 1754 848 1820 cirili
867 1756 938 1821 fieri
955 1768 1102 1842 possunt.
1126 1757 1244 1842 Topic.
1266 1758 1304 1836 5,
1325 1758 1381 1823 98.

145 1852 325 1936 Abigere
346 1860 515 1932 partum.
550 1846 713 1913 Memoria
735 1859 829 1914 teneo
852 1850 1010 1915 Milesium
1031 1854 1185 1937 qnanshrn
1205 1851 1381 1929 mulierem,

106 1949 150 2013 ud
176 1949 216 2011 ab
236 1943 403 2008 heredibus
425 1943 569 2007 secundis
589 1955 719 2027 accepta
740 1944 874 2026 pecunia
895 1957 1050 2028 parturn
1067 1936 1132 2009 'sibi
1153 1945 1223 2030 ipsa
1248 1943 1384 2012 medica·-

105 2041 177 2106 entis
198 2037 421 2125 abegisset,
451 2036 497 2101 rei
518 2036 661 2119 capitalis
682 2057 752 2100 esse
774 2041 962 2104 damnatam.
990 2059 1053 2122 pro
1075 2037 1225 2105 ctuestto
1249 2043 1306 2118 11,
1330 2040 1383 2105 39.

149 2136 244 2200 Abs.
289 2134 360 2198 Una
390 2131 588 2215 praepositio
618 2144 666 2194 est
698 2133 767 2195 abs
798 2153 899 2218 eaque
931 2154 1013 2196 utine
1043 2143 1179 2197 tautum·
1195 2134 1229 2198 in
1261 2134 1384 2219 accepti

105 2229 181 2293 bulis
203 2237 321 2302 manet,
344 2225 443 2289 neiis
466 2224 590 2308 quidem
615 2225 772 2289 omnium:
805 2226 836 2289 in
858 2224 983 2310 reliquo
1007 2247 1153 2292 sermone
1177 2238 1294 2291 mutate
1315 2238 1382 2302 ιιι,

106 2344 137 2386 ιι
154 2320 315 2386 'amovit
343 2319 474 2382 dicimus
501 2330 533 2381 et
558 2317 699 2404 abegit
721 2330 753 2383 et
774 2320 963 2396 abstulit,
994 2331 1030 2382 ut
1051 2321 1112 2383 ism
1134 2321 1254 2385 nescias
1276 2322 1383 2385 abue

105 2436 177 2480 rum
195 2416 236 2479 sit
257 2435 296 2478 an
319 2415 400 2477 abs.
445 2412 531 2492 Quid
548 2412 575 2475 si
597 2412 690 2476 etiarn
709 2412 864 2499 abfugit
885 2423 979 2498 turpe
999 2412 1100 2480 ιίιιιιι
1123 2426 1189 2492 est,
1214 2426 1247 2479 et
1267 2414 1384 2479 abfer

105 2509 249 2578 inerunt,
274 2506 388 2570 aufer
407 2504 605 2569 maluerunt?
629 2527 709 2591 quae
731 2505 929 2590 praepositio
947 2517 1079 2590 praeter
1099 2509 1179 2573 brec
1199 2510 1264 2575 duo
1285 2510 1383 2574 verba

105 2601 154 2667 llo
173 2603 236 2665 aiio
256 2601 287 2664 io
310 2603 409 2664 rerbo
431 2598 621 2682 reperietur.
666 2600 800 2665 Orator.
825 2603 886 2677 17,
911 2601 985 2667 158.

149 2697 317 2761 Absens.
374 2695 431 2758 De
464 2695 628 2756 absente
660 2697 868 2761 secundun
898 2709 1149 2781 praesentem
1186 2697 1381 2762 iudicare.

105 2810 166 2855 err.
189 2794 311 2854 Aecus.
334 2788 373 2864 9,
398 2791 455 2863 17,
480 2789 534 2851 11.

149 2886 231 2950 Abs
259 2892 295 2947 te
324 2881 554 2946 sestertium
583 2881 728 2946 millies
750 2894 910 2967 repetet
940 2884 1077 2950 formula
1099 2883 1131 2948 in
1156 2905 1251 2949 eausa
1276 2904 1382 2949 rerum

105 2979 323 3061 petundarum.
366 2976 510 3042 Diuioat.
535 2978 644 3052 5,1u.

149 3074 324 3138 Abusus.
369 3068 455 3134 Vide
478 3070 757 3135 Ususiructus.

150 3165 302 3248 Accepi
324 3166 397 3230 118.
421 3164 548 3228 uicies
570 3175 634 3228 eet.
660 3164 781 3228 -Videt
808 3166 1003 3231 Rationes
1025 3166 1193 3233 relatae.

149 3262 379 3342 Acceptum.
438 3261 548 3342 Opus
583 3258 620 3323 in
656 3270 862 3341 acceptum
893 3260 1063 3328 referre.
1120 3260 1221 3327 Verr.
1258 3263 1381 3327 Aucus.

130 3354 189 3427 57,
213 3355 285 3419 119.

155 3446 323 3528 Accipio
347 3466 468 3513 omen.
492 3450 530 3511 u
552 3447 631 3512 uu.
656 3452 694 3522 1,
718 3450 776 3525 so,
803 3424 886 3515 ιιι.Ι

152 3539 270 3604 Aetio
292 3539 446 3603 eiviiis.
490 3541 631 3608 Divinat.
654 3543 690 3617 5,
715 3542 767 3606 18.

152 3632 344 3697 Actiones
361 3634 741 3717 muitaepraetoriis
763 3636 1382 3718 exceptionibusexeluduntur.

125 3727 201 3792 luv.
224 3726 264 3804 9,
288 3728 346 3802 19,
369 3729 422 3791 57.
445 3762 485 3774 -
508 3727 701 3792 Actiones
723 3729 859 3812 primum
882 3730 1046 3813 expositae
1068 3750 1085 3793 s
1107 3730 1171 3796 Cu.
1192 3731 1322 3796 Flavio.
1344 3734 1384 3795 de

105 3842 128 3885 r.
155 3824 191 3896 1,
215 3823 272 3896 11,
298 3820 370 3884 186.
393 3855 435 3867 -
456 3820 654 3886 Actiones
678 3821 953 3887 Hostilianas.
977 3825 1016 3887 de
1040 3821 1101 3887 Or.
1126 3827 1162 3901 1,
1186 3824 1246 3902 57,
1270 3825 1344 3889 915.

151 3916 278 3980 Actor
300 3915 447 3978 accessi
469 3914 541 3977 huie
562 3935 715 3979 causae.
759 3919 859 3980 Vere.
883 3916 960 3981 Act.
985 3921 1023 3992 1,
1048 3919 1086 3993 1,
1111 3918 1143 3982 9.

151 4012 195 4075 Α.
218 4008 262 4074 D.
285 4012 386 4088 (Ante
407 4008 513 4090 Diem)
535 4007 662 4092 pridie
684 4011 785 4074 Nou.
808 4008 901 4076 Mai.
924 4012 963 4072 ed
984 4009 1057 4074 Att.
1081 4010 1120 4086 9,
1145 4010 1202 4088 11,
1227 4010 1259 4073 9.

149 4103 352 4169 Addicere
374 4125 474 4186 opus
495 4101 739 4167 faciundum.
782 4107 884 4168 Verr.
908 4107 1027 4168 Accus.
1052 4105 1088 4180 1,
1112 4105 1170 4181 57,
1196 4105 1269 4168 159.

149 4197 339 4262 Addiotio
362 4199 518 4261 bonorum
540 4196 852 4281 possessionumque.
896 4200 997 4262 Vere.
1021 4199 1098 4263 Act.
1122 4200 1158 4274 1,
1183 4199 1216 4263 i.
1240 4196 1292 4260 19.

154 4291 406 4355 Addubitare
429 4289 585 4354 Salutis
607 4290 827 4376 augurium.
850 4294 889 4355 de
910 4291 988 4356 Diu.
1014 4296 1049 4369 1,
1075 4293 1132 4367 17,
1157 4290 1228 4355 tus.

151 4385 378 4448 Addueere.
423 4384 584 4449 Adduxi
613 4384 657 4463 (iu
684 4383 846 4464 iudicium)
874 4383 916 4452 C.
944 4387 1095 4451 Verrem.
1119 4386 1220 4450 Verr.
1244 4384 1321 4449 Aet.
1344 4385 1382 4462 1,

129 4479 163 4542 9.
207 4478 437 4543 VideReus.

152 4574 362 4637 Addueere
384 4573 422 4636 in
444 4573 505 4636 ius
526 4570 752 4657 quiaesitorern.
775 4590 836 4652 pro
859 4568 1009 4652 Quinctio
1032 4572 1068 4650 9,
1091 4572 1145 4636 33.

152 4667 317 4732 Adesse.
360 4666 572 4742 diducuntur,
604 4676 638 4729 ut
661 4685 734 4728 rens
757 4674 850 4727 certo
871 4661 924 4733 die
945 4666 1081 4729 adesset.
1127 4665 1274 4747 Quaero,
1305 4662 1385 4731 edi·

105 4757 226 4824 eritne
249 4757 291 4825 C.
316 4759 487 4825 Memmius
512 4772 644 4843 praetor
669 4781 710 4825 ex
736 4781 772 4825 ee
802 4758 893 4845 lege,
928 4769 963 4823 ut
987 4761 1239 4861 edessssndie
1264 4760 1383 4826 tries·
