3202 5318
134 371 156 434 t
733 361 886 428 INDEX

137 511 291 591 ου’νταξιν
318 505 495 574 immutavit
523 516 596 571 etc
624 507 748 571 duobus
772 516 926 591 qurattuor
947 504 1050 570 libros
1072 503 1168 584 fecit,
1208 505 1317 571 Catuli
1340 518 1371 571 et
1395 509 1463 571 Lu·

136 606 212 669 culti
240 605 422 672 nominibus
451 600 604 676 sublatis,
634 620 756 683 cosque
786 599 930 663 Varroni
959 599 1137 683 inscripsit.
1186 601 1224 664 In
1252 601 1290 665 iis
1316 600 1462 667 Varroni

135 700 289 766 Antiochi
311 709 418 782 partes
442 697 542 773 dedit,
565 694 625 759 sibi
640 691 774 777 sumpsit
790 694 956 769 Philonis,
980 696 1045 760 hoc
1067 705 1135 771 est,
1160 699 1247 780 quod
1272 695 1391 762 Cicero
1415 698 1462 761 di·

135 794 196 857 cit:
221 793 451 879 ἀκαδημαίκῆν
475 790 522 854 ad
539 793 732 857 Varronem
761 788 1044 881 transferamus,
1076 801 1107 852 et
1133 792 1364 877 ἀκαδημαικῆν
1384 793 1462 860 σύν-

101 924 105 931 ·
133 892 226 968 ταξιν
257 890 305 952 od
339 892 533 955 Varronem
570 895 680 949 totam
714 884 952 948 traduximus.
1012 882 1113 949 Coui.
1148 887 1289 972 Argum.
1324 885 1460 968 Quaest.

133 987 239 1051 Acad.
262 984 292 1051 I.
335 984 421 1046 Ean.

211 1078 391 1167 Ἂκαιρος,
414 1073 690 1157 intempestiuas,
714 1072 947 1159 importunus.
972 1074 1061 1156 „Sed
1075 1092 1212 1153 vereor,
1235 1096 1274 1137 nc
1289 1073 1347 1138 tibi
1363 1076 1461 1142 ἄκαι-

134 1198 191 1263 ρος
212 1170 312 1237 εἰτο.”
357 1173 396 1235 ad
418 1172 491 1235 Au.
514 1169 580 1232 IX.
605 1169 643 1243 lt,
668 1168 701 1231 3.
1067 1248 1071 1259 Ι

215 1267 477 1345 Ἀκατάληπτον,
501 1263 595 1348 quod
604 1263 847 1345 comprehendi
867 1283 937 1327 non
957 1274 1083 1345 potest,
1109 1263 1460 1347 incomprehensibile.

134 1361 244 1448 „Cum
276 1361 357 1426 cuim
386 1361 428 1423 ita
455 1368 589 1443 negaret
617 1357 789 1443 quidquam
820 1379 890 1421 esse
913 1360 1001 1443 quod
1024 1357 1252 1442 comprehendi
1275 1372 1387 1442 posset
1410 1362 1464 1440 (id

133 1460 215 1525 euim
238 1456 387 1520 volumus
408 1473 480 1517 csse
501 1452 772 1533 ἀκατάληπτον),
796 1452 848 1515 si''
871 1461 934 1516 cet.
959 1453 1065 1517 Acad.
1088 1453 1135 1519 ΙΙ.
1158 1453 1197 1528 6,
1224 1453 1276 1516 18.

214 1553 474 1629 Ἀκαταληψία,
513 1546 632 1631 opinio
665 1544 977 1622 Academicorum,
1008 1547 1068 1632 qui
1103 1547 1189 1611 nihil
1219 1549 1462 1630 comprehendi

128 1664 235 1731 posse
262 1646 432 1711 dicebant.
481 1641 547 1723 „lu
574 1640 620 1704 eis
650 1640 797 1720 (libris),
838 1662 920 1724 quae
953 1654 1043 1704 crant
1076 1652 1189 1706 contra
1221 1644 1461 1724 ἀκαταληψίαν

132 1741 298 1825 praeclare
321 1739 456 1805 collecta
479 1737 519 1799 ab
541 1733 727 1812 Antiocho,
751 1734 897 1799 Varroni
920 1735 1032 1800 dedi.”
1055 1739 1095 1801 ad
1117 1738 1189 1801 Au.
1212 1738 1317 1801 XIII.
1343 1740 1401 1812 19,
1428 1740 1460 1802 3.

214 1834 495 1910 Ἀκενόσπουδος,
525 1831 714 1894 abhorrens
741 1851 764 1892 a
791 1831 908 1893 studio
936 1852 1054 1894 rerum
1085 1831 1255 1897 inanium.
1301 1834 1462 1916 „Meher-

131 1931 203 1995 cule
231 1942 311 2014 puto
342 1941 374 1992 te
399 1926 561 2010 sapienter
582 1925 762 2001 facturum,
794 1923 824 1987 si
845 1925 1087 2002 ἀκενόοπουδος
1109 1925 1252 1991 1οετίε.”
1306 1928 1347 1989 ad
1369 1927 1461 1992 Fam.

132 2026 215 2091 XV.
239 2027 296 2100 17,
329 2022 359 2088 d.

207 2120 408 2204 Ἀνεραίως,
431 2117 581 2189 sincere,
605 2114 754 2196 integre.
806 2116 924 2196 „Nihil
948 2136 1034 2179 cram
1056 2115 1233 2200 suspicatus
1258 2118 1296 2180 dc
1317 2115 1460 2179 tabulis:

133 2214 296 2301 ἀκεραίως
322 2212 499 2275 restitutam
523 2207 746 2273 arbitrabar.'’
790 2211 828 2271 ad
852 2212 923 2275 Art.
946 2211 1029 2275 XV.
1054 2211 1112 2284 tt,
1138 2210 1170 2273 2.

202 2308 412 2389 .[Ἀκη’δεια,
436 2316 667 2388 contemptus,
695 2305 781 2388 quod
810 2325 907 2367 curae
935 2315 969 2368 et
995 2305 1101 2369 studio
1132 2304 1246 2369 nemini
1274 2316 1371 2371 esset.
1424 2308 1462 2368 ad

133 2405 207 2470 Au.
231 2403 297 2467 IV.
322 2401 383 2477 18,
409 2400 462 2481 3.]

213 2499 373 2578 Ἀκηδία,
402 2495 549 2578 torpedo
571 2515 649 2557 cum
671 2491 858 2557 maestitia.
909 2495 1070 2573 ,Ἀκηδία
1094 2505 1147 2558 tua
1172 2507 1371 2561 memoret:
1404 2494 1463 2559 etsi

132 2592 247 2659 scribis
274 2591 351 2655 nihil
375 2588 484 2654 csse.’'
529 2591 567 2650 ad
591 2589 663 2651 Art.
686 2588 770 2651 ΧΠ.
796 2588 856 2661 45,
882 2588 913 2650 2.

213 2688 410 2759 Ἀνιίνδυνα,
441 2684 515 2747 sine
542 2683 710 2766 pericuIO.
765 2682 876 2763 „Illud
906 2682 980 2746 mihi
1013 2681 1227 2767 gratissimum
1261 2684 1338 2762 fuit,
1375 2689 1464 2770 quod

134 2781 242 2846 Attica
273 2793 382 2842 nostra
413 2788 509 2851 rogat
533 2786 583 2851 te,
609 2775 769 2841 nutristis
793 2777 855 2853 sis,
880 2778 1032 2863 quodque
1055 2788 1087 2840 tu
1110 2780 1268 2845 ἀκίνδυνα
1291 2800 1361 2843 esse
1384 2780 1465 2843 scri·

134 2873 219 2939 hist¹
263 2871 606 2944 sunts.xltl.19‚
634 2870 665 2932 1.
934 2870 938 2877 “

216 2968 396 3033 Ἀκίνδυνα
418 2967 505 3051 μὲν,
532 2964 736 3051 χρονιώτερα
766 2965 818 3042 δι’,
847 2964 997 3049 periculi
1022 2964 1160 3051 quidem
1189 2968 1369 3048 expertia,
1403 2970 1466 3034 sed

134 3062 369 3127 diuturniora.
416 3058 505 3140 „Qus
530 3060 677 3137 veniunt,
708 3063 866 3126 ἀκίνδυνα
885 3061 964 3145 μὲν,
990 3062 1194 3149 χρονιώτερα
1217 3068 1251 3127 δε
1274 3065 1463 3140 nuntiant‚''

134 3158 158 3222 i.
187 3178 219 3249 ρ.
251 3156 335 3218 ritas
359 3153 485 3238 qsridem
509 3153 684 3235 periculum
706 3158 836 3232 abesse,
868 3158 924 3218 sed
949 3154 1181 3223 diuturniorem
1212 3159 1357 3221 morbum
1387 3157 1468 3239 (Ti-

134 3252 242 3329 ronis)
266 3252 349 3313 iore.
387 3250 430 3310 'ad
455 3248 547 3311 Fam.
571 3246 671 3312 XVI.
693 3248 729 3324 8,
756 3252 785 3313 1.

218 3347 449 3424 Ἀκκίζεοθαι,
473 3342 694 3407 dissimulare
708 3343 1068 3428 cupiditatsmsuam,
1091 3367 1162 3408 crum
1186 3344 1287 3409 videri
1311 3348 1463 3425 velimus,

135 3462 202 3505 non
223 3460 341 3522 cupcre
363 3459 441 3513 nos,
471 3448 503 3500 et
532 3450 634 3503 tamen
661 3438 865 3501 vehementer
887 3439 1046 3520 cupimus,
1078 3441 1140 3504 hoc
1164 3440 1243 3503 enim
1267 3452 1314 3503 est
1337 3446 1465 3523 ἀκκίζε-

137 3544 238 3603 σθαι,
268 3536 349 3596 unde
370 3532 550 3616 ἅκκιομός,
579 3531 761 3595 accismus.
807 3533 969 3614 Exemplo
992 3553 1063 3598 esse
1090 3544 1197 3616 potest
1224 3536 1377 3599 accismns
1409 3536 1468 3601 Ti·

137 3629 219 3694 bcrii
249 3629 390 3692 Neronis
419 3628 511 3691 Veli.
542 3626 591 3689 11.
616 3627 670 3690 23.
723 3627 827 3691 Tacit.
853 3627 940 3690 Anu.
965 3626 1037 3691 1.ss
1061 3641 1091 3690 et
1115 3631 1169 3690 11.
1194 3629 1280 3692 Enu.
1326 3630 1464 3695 Suidass

134 3723 431 3807 Ἀκκιζόμενος.
474 3722 776 3806 προσποιούμενος,
812 3721 1093 3808 γυναικιζόμενοι,
1125 3726 1147 3802 ἤ
1179 3735 1363 3809 μαραίνων.
1396 3724 1468 3792 ἀπό

137 3848 223 3898 τινος
243 3819 397 3905 γυναικὸς
418 3822 552 3902 μωροῖς,
588 3819 656 3898 ἥτις
680 3825 826 3885 ἐκαλεῖτο
850 3819 971 3886 ’Arsaci
1024 3830 1176 3902 σημαίνει
1200 3824 1310 3884 δὲκαὶ
1334 3821 1390 3885 τὸν
1416 3826 1468 3888 λέ-

138 3917 240 4001 γοντά
277 3943 307 3980 τι
334 3919 591 3999 προσποιεῖσθαι
620 3913 665 3997 μή
695 3918 825 3981 ἐθέλειν.
857 3925 916 3981 κοιλ
944 3912 1112 3990 Αίλιανός·
1145 3914 1311 3995 ,Οὐδενός
1339 3942 1369 3981 τε
1404 3922 1467 3984 τοῖν

137 4019 185 4081 ἐπ’
214 4013 345 4095 ᾅσμαοι
381 4015 638 4094 θαυμαζομένων
662 4014 777 4095 ἐκρίθη
801 4012 954 4096 δευτέρα,
992 4010 1049 4074 ἅτε
1073 4008 1112 4089 δη
1135 4011 1197 4075 οῦκ
1218 4009 1354 4098 ἄπειρος
1384 4022 1469 4103 ἐρω-

137 4112 227 4185 τικῆς
252 4114 457 4188 περιεργίας,
491 4104 737 4186 οἷκκιζομίνη
767 4103 829 4168 οὐν
852 4108 960 4187 καιρῷ
988 4116 1044 4171 καί
1079 4105 1161 4189 πρὸς
1188 4112 1383 4182 ζηλοτυπίαν
1414 4112 1467 4175 su’-

140 4206 229 4283 φυῶς
257 4201 387 4284 ἄγουσα
413 4199 469 4263 τὸν
491 4194 637 4282 ἄνδρα.”
687 4200 761 4263 Kal
782 4209 966 4283 παροιμία·
991 4201 1281 4282 Ἀκκιζόμενος
1305 4202 1468 4284 Σκύθης

140 4295 210 4360 τὸν
238 4295 337 4360 ὄνον.
356 4304 409 4359 ε’πί
431 4298 495 4358 τῶν
514 4297 772 4377 βδελυττομένων
798 4293 883 4378 λε’γῳ
901 4305 977 4378 μὲν,
1006 4293 1143 4380 ἔργῳδὲ
1168 4304 1362 4378 ἐφιεμένων.
1387 4299 1468 4364 idcir

139 4388 204 4474 γάρ
232 4414 278 4461 τις
299 4388 416 4470 νεκρὸν
436 4386 515 4455 ὄνον
532 4384 599 4469 ἔφη
625 4386 707 4473 πρὸς
733 4388 867 4467 Σκύθην
891 4388 1058 4477 παρόντα·
1077 4388 1206 4454 δεῖπνόν
1224 4417 1263 4464 τι,
1290 4383 1466 4459 οἷΣκιῖθοτ.

138 4486 158 4551 ὅ
183 4488 219 4547 δὲ
245 4483 431 4564 ε’μυσόξατο
458 4493 527 4565 μίν,
557 4482 748 4564 ὕστερονδὲ
770 4493 924 4549 ἐπονεῖτο.
957 4486 1030 4548 Kal
1053 4484 1288 4566 Ἀκκιομού
1295 4511 1326 4560 ς,
1362 4512 1469 4569 προσ-

139 4576 294 4657 ποιήσεις.
330 4576 490 4659 ἀκκισμὸς
515 4581 551 4643 δὲ
573 4586 631 4641 καί
653 4588 774 4664 μωρία.
801 4576 922 4661 „Certi
944 4597 1051 4639 sumus
1074 4576 1196 4658 perisse
1220 4579 1337 4645 omnia.
1383 4581 1468 4662 Quid

138 4672 219 4738 euim
242 4668 444 4752 ἀκκιζόμεθα
466 4670 765 4753 (dissimulamus)
788 4670 906 4736 tamdiu
922 4667 970 4733 ?”
1009 4672 1049 4733 ad
1072 4672 1143 4735 Au.
1167 4672 1214 4737 11.
1238 4671 1294 4748 19,
1319 4674 1352 4737 5.
1392 4676 1469 4738 Hoc

137 4766 262 4851 quidem
286 4765 362 4829 loco
387 4765 581 4843 ἀκκίζεοθαι
609 4765 795 4849 simpliciter
816 4777 864 4831 est
886 4764 1106 4830 dissimulare
1132 4764 1202 4831 sine
1223 4766 1287 4830 ulla
1312 4767 1467 4851 cupidita·

135 4860 176 4926 tis
199 4858 445 4947 significatione.
