3202 5318
211 322 273 388 998
375 312 380 322 “
693 314 1047 383 tuomecttlu.

212 464 257 529 D.
286 464 324 526 de
353 463 396 526 R.
427 460 473 538 Ι.)
500 456 549 521 his
575 454 651 540 ipsis
681 455 755 521 Gaii
781 456 890 521 verbis
918 457 1036 521 tutoris
1063 455 1203 522 actiones
1232 469 1264 521 et
1284 457 1434 524 iudicium
1455 459 1539 546 legis

213 557 373 622 Hostiliae
401 575 467 617 nou
489 552 578 616 atiani
603 552 647 615 ob
669 570 792 613 cansam
820 550 938 614 adiecta
960 563 1051 628 sunt,
1083 551 1142 615 nisi
1167 543 1255 636 qirod
1282 552 1312 616 ei
1341 549 1537 631 exciderant,

80 694 84 701 ·
214 662 246 713 ot
265 649 337 714 Gaii
353 647 550 729 temporibus
567 644 629 708 iam
646 646 760 707 dudum
779 643 809 705 in
825 643 1059 708 desuetudinem
1076 645 1215 722 abierat,
1233 657 1268 709 ut
1281 669 1344 730 pro
1362 648 1540 734 peregrino

100 770 104 777 ’
216 744 343 807 alterius
363 742 491 805 nomine
512 752 680 825 ageretnrt
704 735 832 800 abolitis
851 736 931 798 enim
952 736 1033 820 legis
1048 736 1225 803 actionibus
1242 743 1449 828 peregrinum
1464 741 1541 805 iiota

213 839 344 902 civitate
370 834 506 920 proprio
536 834 662 898 nomine
683 852 742 915 per
769 830 938 894 formulam
967 852 1062 915 ogere
1084 834 1228 913 potuisse
1252 838 1291 899 ab
1317 838 1432 901 eodem
1455 836 1540 901 Gaio

215 934 379 997 docemur.
424 932 454 1005 (‚,
463 931 545 994 Item
558 927 669 991 civitas
685 927 830 990 Romana
846 924 1022 1010 peregrino
1040 924 1187 1009 lingitur,
1211 929 1291 993 sien
1307 930 1434 995 nomine
1451 942 1538 1016 agat,

214 1039 268 1090 aut
286 1048 355 1089 cum
379 1046 417 1088 eo
441 1037 574 1107 agatur,
600 1042 664 1105 quo
687 1020 814 1084 nomine
833 1018 949 1083 nostris
973 1019 1097 1103 legibus
1122 1019 1206 1085 actio
1227 1023 1396 1087 constituta
1419 1037 1540 1103 est,-

213 1156 255 1169 -
277 1154 318 1166 -
343 1118 429 1181 velut
452 1116 477 1178 si
498 1116 576 1179 iiis-ti
598 1127 671 1199 agat
693 1112 913 1198 peregrinus.''
937 1111 1035 1176 Gaius
1059 1114 1123 1177 lV.
1146 1113 1212 1193 37.)

300 1215 393 1277 Nunc
415 1209 581 1272 videndum
604 1219 669 1283 est,
694 1208 879 1293 quibusnam
904 1207 1049 1287 personis
1068 1218 1100 1271 et
1118 1209 1271 1271 adversus
1291 1229 1442 1293 quasnam
1464 1236 1539 1297 per·

215 1325 310 1371 sonas
323 1305 567 1386 repetundarum
581 1302 701 1366 iudicio
715 1301 855 1382 experiri
873 1299 1014 1373 l'icuerit3
1036 1299 1070 1361 in
1085 1322 1151 1385 quo
1166 1300 1195 1366 si
1209 1305 1248 1365 ad
1263 1304 1421 1385 privatum
1437 1309 1540 1390 respi-

215 1399 331 1474 cimus,
366 1398 427 1460 iam
456 1418 521 1460 non
551 1408 598 1459 est
624 1396 772 1471 dubium,
807 1393 883 1478 quin
908 1415 1033 1476 semper
1054 1406 1089 1456 ut
1116 1398 1211 1460 modo
1234 1396 1369 1462 diximus
1390 1402 1432 1462 ad
1453 1402 1541 1465 solos

216 1491 405 1577 peregrinos
424 1491 630 1573 pertinuerit:
656 1490 702 1553 sin
719 1492 758 1552 ad
773 1489 953 1571 publicum,
977 1488 1114 1551 dubitari
1130 1489 1232 1571 possit
1252 1511 1357 1557 annon
1380 1491 1429 1569 id,
1455 1496 1543 1578 quod

215 1598 327 1670 postea
350 1583 518 1648 observari
541 1586 682 1657 solebat,
705 1583 767 1646 iam
792 1583 952 1665 prioribus
973 1583 1172 1665 temporibus
1194 1584 1386 1662 obtinuerit,
1412 1598 1447 1651 ut
1462 1586 1543 1651 ciri·

216 1683 276 1744 bus
304 1700 443 1764 quoque
466 1677 619 1742 Romanis
653 1699 767 1740 nomeu
794 1676 925 1738 alieuius
953 1678 1078 1741 deferre
1100 1679 1289 1759 permissum
1318 1679 1434 1746 fuerit.
1465 1683 1538 1756 sed,

217 1774 361 1857 quamvis
378 1772 514 1847 Cicero,
540 1772 593 1854 qui
613 1773 775 1836 sociorum
792 1791 884 1833 causa
902 1771 1119 1854 quaestionem
1135 1772 1174 1835 de
1190 1772 1335 1855 pecuniis
1357 1776 1541 1856 repetundis

216 1866 417 1930 constitutam
445 1886 516 1928 esse
538 1876 672 1928 testatur
694 1865 737 1944 (in
761 1866 862 1928 Verr.
886 1864 936 1928 11.
960 1867 1020 1941 6.)‚
1052 1867 1108 1928 has
1134 1866 1347 1931 dubitationes
1374 1888 1437 1931 non
1465 1868 1541 1931 satis

215 1960 330 2023 toliere
361 1958 523 2022 videatur:
560 1971 647 2020 extat
676 1959 856 2039 exemplum
885 1960 1043 2041 quoddam
1074 1960 1269 2042 quaestionis
1294 1963 1540 2043 repetundarum

217 2066 308 2117 extra
325 2053 466 2115 ordinem
487 2075 527 2115 eo
544 2065 689 2134 tempore
705 2052 884 2128 institutae,
908 2073 973 2136 quo
989 2051 1105 2114 dudum
1126 2066 1300 2136 perpetuas
1317 2054 1542 2119 introduxerat

148 2140 151 2145 ’
216 2147 268 2210 lex
292 2145 487 2226 Calpurnia,
519 2150 606 2230 quod
629 2146 790 2228 explicare
818 2145 875 2209 nisi
900 2167 935 2209 ea
960 2145 1085 2209 ratione
1106 2168 1171 2211 uon
1197 2169 1382 2229 possumus,
1413 2153 1541 2230 quoda

216 2242 339 2306 civibus
356 2240 508 2303 Romanis
525 2241 607 2303 iacta
633 2253 679 2303 est
704 2240 875 2303 accusatio.
922 2242 1061 2324 Loquor
1082 2250 1182 2303 autem
1207 2244 1245 2304 de
1261 2242 1317 2305 iilo
1334 2243 1377 2306 1..
1395 2245 1539 2322 Tubulo,

217 2337 271 2421 qui
300 2346 467 2418 postquam
497 2336 541 2397 L.
570 2336 707 2398 Metello
736 2345 767 2397 et
796 2335 838 2413 Q.
869 2335 1014 2398 Maximo
1043 2356 1128 2398 coss.
1158 2336 1247 2416 (uta)
1274 2349 1406 2418 praetor
1436 2339 1542 2402 tuerat

217 2430 303 2512 (Cic.
327 2431 366 2490 nd
390 2431 459 2492 Att.
482 2430 567 2492 ΧΠ.
591 2431 658 2510 5.),
683 2449 723 2491 ex
745 2438 897 2511 praetura
923 2430 965 2491 ob
989 2450 1054 2491 rein
1080 2429 1277 2492 iudicandam
1302 2433 1467 2512 pecuniam
1489 2454 1543 2496 ce·

218 2527 301 2608 pisse
322 2534 489 2586 accusatus
515 2535 545 2584 et
567 2523 683 2586 iudicio
707 2522 961 2586 extraordinario
984 2543 1000 2584 a
1023 2520 1087 2587 Cu.
1111 2523 1250 2587 Servilio
1273 2522 1438 2606 Caepione
1463 2547 1542 2589 con·

217 2622 284 2683 siste
311 2618 400 2697 (613)
430 2618 591 2679 damnatus
620 2630 680 2679 est.
726 2615 812 2695 (Cic.
840 2618 878 2677 de
908 2615 979 2678 Fin.
1011 2616 1058 2678 11.
1092 2616 1144 2678 1⁶.
1188 2619 1263 2690 ,Au
1292 2620 1404 2680 tu'me
1430 2621 1470 2682 de
1497 2621 1541 2683 L.

217 2713 348 2776 'l'ubuto
372 2720 464 2791 putas
487 2710 616 2773 dicere?
639 2711 781 2792 quicum
805 2721 936 2790 praetor
958 2709 1174 2793 quaestionem
1191 2712 1272 2773 inter
1293 2709 1425 2774 sicarios
1446 2732 1542 2775 exer-

131 2877 133 2881 ,
216 2809 350 2879 cnissct,
383 2806 424 2865 ita
449 2818 557 2886 aperte
583 2805 672 2888 cepit
689 2804 855 2886 pecunias
877 2804 920 2866 ob
941 2825 1014 2865 rem
1035 2803 1273 2881 iudicandam,
1298 2817 1332 2866 ut
1353 2825 1435 2869 anno
1463 2827 1542 2887 pro-

219 2901 306 2965 ximo
332 2900 371 2961 P.
398 2898 553 2964 Scaevoia
577 2911 619 2961 tr.
644 2900 687 2979 pl.
712 2897 812 2960 terret
835 2899 872 2958 ..d
897 2897 1036 2976 plebem,
1062 2898 1220 2960 vellentne
1244 2901 1333 2961 deca
1357 2920 1392 2962 re
1410 2902 1539 2983 quaeri.

215 3018 281 3078 quo
303 2995 470 3077 plebiscito
494 2996 619 3057 decreta
644 3015 660 3053 a
681 3002 788 3054 senatu
809 3001 857 3051 est
881 2991 1002 3053 consuti
1025 2990 1169 3072 quaestio
1186 2990 1249 3080 Cn.
1275 2991 1443 3074 Caepioni.
1464 3016 1544 3077 pro·

216 3089 318 3152 iectus
341 3090 513 3153 inexilium
536 3088 681 3150 'l'nbutus
701 3086 820 3161 statim,
847 3105 904 3146 nee
920 3088 1114 3165 respondere
1137 3106 1250 3149 ausus:
1276 3102 1364 3149 erant
1386 3090 1466 3150 enim
1489 3110 1542 3153 res

218 3182 384 3264 apertae‘.’'
428 3181 484 3248 Cf.
509 3185 547 3244 de
570 3181 745 3244 finiutv.
770 3179 822 3240 98.
846 3180 891 3242 V.
916 3179 968 3241 99.
1000 3181 1037 3242 de
1060 3191 1123 3241 nat.
1147 3182 1239 3243 deor.
1264 3181 1331 3244 111.
1355 3181 1408 3244 30.
1431 3183 1463 3247 1.
1487 3184 1541 3247 93.

216 3278 258 3347 tr,
287 3288 370 3340 orat.
398 3298 459 3357 pro
489 3279 611 3339 Scauro
640 3287 669 3336 et
703 3272 865 3336 Perizonii
894 3273 1009 3355 trigam
1038 3272 1114 3332 diss.
1143 3293 1177 3352 p.
1208 3274 1297 3354 159.)
1353 3277 1432 3336 Sunt
1462 3298 1542 3341 vero

217 3385 383 3453 praeterea
409 3371 460 3453 qui
485 3382 641 3452 taiiiqiiam
668 3366 765 3429 Livio
786 3379 817 3429 et
837 3365 997 3431 Cicerone
1024 3366 1207 3429 auctoribus
1230 3366 1357 3444 (Livius
1374 3389 1425 3448 ep.
1446 3370 1542 3436 Ltv.

218 3463 289 3529 Cir..
314 3470 351 3527 de
374 3465 427 3528 ttn.
450 3464 478 3527 Ι.
502 3468 548 3538 7.)
573 3464 655 3524 aliud
678 3482 807 3544 quoque
828 3459 964 3523 eiusdem
988 3461 1060 3522 anni
1076 3459 1222 3521 iudicium
1239 3464 1536 3539 extraordinarium,

218 3560 303 3643 quod
328 3580 391 3621 non
413 3580 430 3621 a
455 3557 577 3619 civibus
603 3555 771 3628 Romanis,
805 3557 860 3617 sed
883 3575 898 3615 a
921 3555 1101 3639 peregrinis
1124 3556 1255 3639 petitum
1275 3570 1371 3630 esset,
1406 3558 1540 3620 atterant

219 3653 385 3737 (Sigonius
407 3652 446 3714 de
469 3651 531 3713 iud.
555 3650 602 3713 lt.
627 3651 709 3724 97.);
741 3651 796 3711 sed
820 3669 935 3712 veroor
964 3671 1001 3712 ne
1024 3651 1116 3712 vaide
1142 3662 1265 3714 errent:
1300 3655 1428 3713 eandem
1456 3653 1538 3715 euim

220 3768 345 3811 rasuram
360 3745 510 3811 Veterius
527 3744 688 3806 Maximus
704 3742 801 3806 Livio
818 3757 846 3805 et
864 3742 1022 3808 Cicerone
1039 3746 1137 3806 mutto
1157 3744 1338 3828 diligentius
1357 3744 1399 3807 ita
1416 3758 1537 3821 narrat,

219 3854 254 3904 nt
276 3838 352 3905 satis
376 3851 546 3923 appareat,
578 3840 619 3901 T.
648 3839 865 3920 'l'orqiiatum,
897 3859 989 3922 quem
1011 3838 1159 3902 iudicium
1183 3839 1362 3902 exercuisse
1384 3851 1536 3915 statuunt,

221 3957 284 4001 uon
305 3934 540 4021 quaestionem,
564 3935 621 3996 sed
643 3944 760 3993 tantum
784 3932 946 3995 arbitrium
967 3933 998 3994 iu
1020 3954 1055 3995 ea
1074 3955 1166 3995 eausa
1186 3932 1379 4014 suscepisse,
1404 3934 1539 4016 ideoque

221 4039 321 4094 totum
346 4028 492 4093 indicium
512 4051 574 4092 non
595 4026 771 4108 pubiicum,
796 4029 849 4088 sed
873 4027 1027 4108 privatum
1051 4026 1161 4091 sitisse.
1206 4028 1296 4106 (vat.
1321 4027 1415 4093 Max.
1441 4031 1483 4096 V.
1505 4032 1538 4103 8,

222 4125 254 4187 3.
301 4126 456 4198 ,Strintno
478 4144 548 4186 oum
573 4120 755 4202 amplissimi
778 4121 898 4184 ordinis
927 4133 992 4183 tum
1016 4122 1106 4183 etiam
1129 4143 1266 4195 eorum,
1295 4121 1354 4205 qui
1382 4135 1540 4206 questum

222 4229 401 4291 uenerant,
425 4237 608 4287 consensu,
634 4214 820 4300 cognitione
840 4225 985 4296 suscepta
1009 4215 1093 4278 domi
1116 4215 1258 4279 consedit
1281 4228 1374 4278 et-
1397 4247 1438 4260 —
1461 4238 1540 4300 pro·

222 4309 426 4389 niintiavit.'')
470 4310 627 4391 Quamdiu
650 4309 692 4371 ita
719 4309 877 4372 accusatio
901 4309 1025 4391 publiea
1052 4329 1068 4371 a
1094 4310 1170 4372 sotis
1193 4307 1368 4393 peregrinis
1390 4310 1460 4373 fieri
1483 4333 1540 4394 po·

221 4413 319 4476 terat,
350 4406 555 4488 consequitur
582 4425 643 4467 ison
669 4402 800 4466 aliorum
824 4424 916 4486 quam
941 4402 993 4485 qui
1015 4423 1077 4484 pro
1100 4404 1302 4484 praetoribus
1329 4422 1432 4485 prove
1462 4425 1540 4468 cou-

224 4494 360 4569 sutibns,
385 4498 480 4582 quive
503 4499 532 4560 in
557 4499 668 4561 borum
692 4496 840 4560 concitatu
857 4497 1032 4581 legatorum
1052 4502 1178 4560 minnere
1194 4497 1418 4581 integerentur,
1442 4498 1540 4582 quire

224 4599 314 4649 extra
336 4592 476 4653 ordinem
501 4612 570 4654 cum
586 4591 718 4673 imperio
740 4590 863 4655 militari
885 4602 974 4654 extra
990 4591 1098 4653 urbem
1117 4591 1332 4675 magistratum
1351 4589 1537 4674 gessissent,

224 4698 286 4741 non
320 4695 420 4744 etitem
454 4705 581 4759 corum,
618 4707 698 4770 quos
723 4687 754 4747 in
784 4688 863 4748 iirbe
892 4684 993 4748 officia
1019 4695 1180 4759 tenerent,
1216 4685 1303 4748 vetut
1332 4695 1537 4766 praetorum,

224 4771 386 4851 aedilium,
410 4797 594 4853 censorum,
618 4779 745 4843 nomina
767 4778 888 4843 deterri
908 4775 1061 4862 potuisse.
1106 4776 1182 4841 Hoc
1202 4798 1280 4843 rero
1302 4792 1413 4862 postea
1436 4791 1540 4844 muta·
