3202 5318
211 308 274 378 2³⁰
695 308 847 395 tnntx
867 310 1046 381 tuconi.

208 453 233 516 l.
256 473 287 516 ce
311 456 363 531 (de
385 457 460 519 Nat.
484 455 589 520 Deor.
611 452 681 521 ΠΙ.
704 452 791 532 δα),
817 474 887 517 cum
906 449 1026 518 Cicero
1044 453 1162 517 diserte
1180 453 1279 530 dicet,
1310 457 1534 542 rogationem

210 546 252 610 de
278 550 427 614 incestu:
458 570 539 634 quae
568 551 667 611 verbe
691 547 983 628 interpretationem
1013 548 1074 610 viri
1105 549 1216 612 siummi
1245 551 1339 633 plene
1366 565 1539 636 rupinum.

211 643 293 707 Illam
321 643 405 707 actio
430 642 589 708 Peducaei
618 642 647 704 in
670 640 855 715 Metellum,
891 644 930 704 de
954 663 1014 723 quia
1037 644 1120 704 hisne
1140 647 1245 707 lorum
1272 664 1314 708 ex
1337 647 1484 711 Asconio
1505 648 1540 712 in

105 782 118 797 .
210 736 410 801 Miloniauac
433 757 462 802 c.
488 739 540 800 19.
565 720 808 819 iuterprelatur,
833 755 899 799 non
923 735 984 798 fuit
1006 735 1138 820 rogatio
1164 740 1203 801 de
1225 738 1366 815 incestu,
1398 744 1455 806 eei
1483 762 1543 808 ro-

210 831 298 917 gatio
310 833 434 915 potius,
458 844 510 907 ut,
534 831 683 915 quioniam
700 829 850 893 Metellus
868 829 946 892 male
962 830 1149 906 iudicasset,
1172 843 1264 896 extre
1281 834 1426 897 ordinem
1442 836 1542 901 iudex

211 924 342 992 Cassius
354 926 617 990 constitueretur.
661 924 776 1008 Neque
792 925 870 986 haec
887 924 1018 1008 rogatio
1033 936 1152 988 tantum
1168 924 1284 988 iudicet
1297 929 1541 1010 corruptionem

210 1020 338 1085 humaui
359 1020 496 1104 ingenii,
521 1040 613 1104 quam
632 1017 685 1081 illa
704 1019 743 1080 de
762 1016 906 1110 incestu,
931 1038 971 1079 ex
995 1037 1058 1103 qur
1081 1017 1285 1102 intelligitur,
1308 1022 1403 1085 etiarn
1426 1024 1541 1106 poenis

210 1134 281 1179 esse
302 1114 446 1179 homines
468 1135 484 1176 a
508 1113 603 1176 tantis
625 1111 798 1175 sceleribus
822 1114 1061 1175 absterrendos.
1099 1113 1183 1176 Eun.
1230 1115 1410 1200 Argutatur
1435 1119 1541 1187 Erne2

209 1209 308 1284 etius,
332 1230 425 1293 quiem
449 1219 553 1271 tamen
577 1222 690 1285 nemo.
713 1207 799 1290 quod
823 1207 938 1281 sciam,
968 1209 1070 1269 adhuc
1097 1207 1260 1270 refutavit.
1304 1209 1419 1272 Verbe
1446 1210 1541 1276 ctes-

209 1302 298 1368 ronie
320 1303 362 1367 de
384 1303 515 1367 incestu
544 1322 608 1365 non
632 1323 702 1363 cuum
726 1299 875 1383 proxime
898 1321 980 1363 voce
1003 1301 1186 1386 rogatione
1208 1300 1384 1387 iungenda,
1419 1306 1477 1367 sed
1499 1308 1540 1369 ed

208 1416 245 1460 ea
267 1396 500 1480 intelligendam
524 1415 593 1458 esse
614 1395 866 1479 quaestionem,
892 1396 1009 1458 docent
1032 1406 1064 1458 et
1086 1415 1167 1479 quiae
1186 1398 1381 1478 praecedunt
1404 1406 1438 1459 et
1456 1417 1539 1481 qnae

209 1501 395 1574 eequuutur.
439 1490 592 1575 Rogotio
613 1501 717 1551 utitem
740 1490 920 1554 Peducaeo
940 1489 984 1567 (id
1010 1491 1096 1573 quaed
1127 1491 1209 1552 liene
1232 1489 1308 1552 vidit
1330 1488 1539 1570 Bouhierius)

207 1582 295 1662 tulit,
319 1594 354 1647 ut
375 1584 531 1670 quaestio
552 1584 593 1646 cle
614 1584 746 1647 incestu
769 1583 925 1669 virgiuum
949 1584 1125 1647 Vestalium
1146 1582 1381 1647 institueretur.

397 1761 508 1826 Penni
530 1761 572 1825 de
592 1761 801 1845 peregrinis.
846 1760 923 1825 Vid.
948 1761 1046 1824 Imm
1068 1760 1110 1824 de
1128 1761 1338 1846 peregrinis.

572 1939 627 2003 Dr:
650 1942 873 2005 Pennonrnis:
898 1940 1017 2015 lunia,
1043 1939 1165 2023 Pupio.

416 2096 422 2105 ⁶
515 2111 687 2175 Perenna
709 2110 750 2173 de
768 2110 919 2193 pecunia
939 2109 1035 2193 regie
1057 2109 1230 2174 Antiochi.

293 2231 433 2312 „Morte
455 2229 601 2295 Africani
623 2253 756 2296 crevere
778 2232 978 2295 inimicorum
1002 2230 1112 2306 auimi3
1136 2251 1272 2314 quornm
1300 2230 1454 2316 princepe
1477 2233 1540 2301 fnit

207 2325 259 2390 M.
292 2324 430 2390 Porcius
460 2323 563 2401 Cato,
597 2326 652 2410 qui
683 2327 761 2389 vivo
791 2347 919 2410 quoque
948 2347 988 2389 eo
1015 2326 1164 2388 allatrare
1194 2325 1261 2388 eius
1290 2327 1538 2410 magnitudinem

207 2420 319 2484 solitus
342 2430 427 2483 erat.
451 2420 514 2483 hoc
531 2430 665 2484 aructore
688 2421 908 2483 existimantur
929 2422 1006 2498 (duo
1020 2422 1080 2503 Q.)
1094 2419 1219 2484 Petillii
1233 2430 1266 2483 et
1285 2419 1363 2485 rivo
1378 2421 1538 2486 Alriceno

207 2535 274 2578 rem
301 2513 438 2598 ingressi
462 2526 493 2576 et
521 2526 649 2579 mortuo
679 2515 879 2601 rogationem
911 2512 1132 2599 promulgasse
1161 2516 1210 2592 (a.
1231 2535 1265 2577 u.
1293 2533 1323 2576 c.
1354 2515 1446 2593 566.)
1473 2516 1538 2580 luit

209 2622 312 2673 eutem
324 2608 453 2693 rogatio
473 2607 560 2672 talis:
589 2611 622 2672 V
627 2609 976 2681 elitislubeotie‚
995 2607 1208 2690 Quirites,
1232 2609 1536 2693 quaepeererrio

209 2715 337 2787 copta
365 2703 511 2765 ublato
542 2714 692 2766 coacto
725 2704 773 2768 ub
801 2725 905 2788 rege
938 2701 1154 2767 Antiocho
1183 2713 1244 2765 eet
1271 2701 1427 2787 quique
1453 2705 1535 2768 sue

210 2797 308 2862 eius
329 2795 510 2879 imperio
519 2793 732 2885 suerunt,
766 2799 877 2881 quod
904 2797 998 2860 eius
1025 2797 1068 2859 in
1093 2795 1315 2878 publicum
1343 2799 1534 2862 relatum

209 2900 393 2965 nonest,
425 2890 490 2951 uti
511 2891 558 2952 de
580 2912 627 2952 eo
649 2912 694 2954 re
723 2894 807 2955 Ser.
831 2890 1050 2973 Sulpiciae
1070 2900 1245 2972 praetor
1266 2889 1456 2956 urbanus
1481 2894 1536 2955 od

209 2994 407 3045 senatum
429 2981 616 3073 reserat,
639 3006 759 3067 quem
781 3005 871 3047 eam
892 3006 978 3047 rem
1000 2985 1103 3046 uelit
1123 2995 1303 3046 senatus
1324 3007 1535 3068 quaerere

209 3074 258 3138 de
286 3075 345 3138 iis
373 3077 446 3160 qui
470 3090 707 3158 praetores
735 3097 840 3140 nuuc
871 3089 990 3141 aunt.
1020 3078 1094 3140 huic
1114 3077 1278 3160 rogationi
1303 3077 1409 3159 primo
1436 3079 1479 3160 Q.
1504 3093 1536 3142 et

209 3168 254 3233 1..
270 3170 417 3233 Mummii
432 3169 680 3235 intercedebant.
698 3209 712 3222 ·
727 3209 741 3222 ·
755 3209 769 3222 ·
793 3173 845 3236 Μ.
866 3171 948 3236 Cato
964 3171 1061 3235 suuaeit
1072 3171 1272 3256 rogationem
1294 3174 1413 3252 (exstat
1428 3174 1535 3240 cretio

210 3260 278 3326 eius
301 3264 338 3326 de
360 3265 494 3345 pecunia
517 3265 601 3349 regis
621 3265 803 3345 Antiochi),
836 3278 869 3328 et
893 3266 1067 3329 Mummios
1093 3267 1239 3328 tribunos
1261 3267 1457 3331 'erectoritete
1479 3271 1536 3333 de-

208 3357 341 3433 terruit,
366 3379 404 3420 ne
428 3361 673 3422 adversarentur
694 3360 876 3444 rogationi.
900 3359 1134 3422 remittentibus
1155 3380 1238 3445 ergo
1259 3360 1308 3422 his
1333 3359 1537 3425 intercessio-

210 3472 430 3611 nxeffiggmefis
452 3452 555 3546 tribus
577 3454 622 3517 uti
644 3466 814 3538 rogassent
836 3453 1030 3519 iusserunt.”
1058 3455 1136 3517 Liv.
1160 3454 1369 3518 XXXVIII.
1394 3455 1447 3521 51⁹1.
1478 3454 1534 3521 Cl.

468 3707 624 3771 Pnrnrerr
646 3710 802 3794 agrario.
847 3709 924 3774 Vid.
947 3710 1089 3774 Munera
1110 3709 1269 3794 agraria.

629 3871 786 3935 Prneniu.
830 3873 909 3937 Vid.
933 3872 1107 3938 Anninus.

335 4026 471 4093 Pisonis
492 4027 534 4090 de
556 4030 765 4113 repetundis.
810 4033 888 4096 Vid.
913 4031 1106 4098 Cuornuure
1128 4033 1171 4096 de
1192 4033 1405 4118 repetundis.

560 4190 760 4254 Posui-ome
783 4191 826 4255 de
844 4204 1007 4276 praetore
1029 4193 1174 4258 urbano.

295 4312 509 4393 ἥδιφνοηια,
542 4332 695 4374 summum
726 4312 804 4377 diei.
838 4313 873 4377 id
901 4336 918 4377 a
946 4336 1051 4401 super
1071 4316 1155 4380 imo.
1200 4315 1277 4380 Hoc
1301 4326 1426 4398 tempus
1448 4318 1534 4384 ΧΠ.

206 4401 331 4465 tabulae
355 4404 464 4468 dieunt
482 4425 629 4469 occasum
654 4427 723 4470 esse
745 4407 841 4472 solis.
864 4412 921 4473 sed
939 4423 1053 4492 postea
1077 4411 1131 4473 lex
1153 4410 1329 4475 Plaetorio
1351 4410 1385 4473 id
1404 4432 1535 4499 quique

206 4504 331 4574 tempus
355 4496 443 4560 iubet
464 4520 535 4562 esse
560 4519 761 4581 supremum,
793 4523 859 4586 quo
885 4515 1017 4586 praetor
1040 4503 1072 4567 in
1095 4503 1226 4568 comitio
1254 4525 1433 4588 supremam
1457 4527 1537 4591 pro-

207 4587 364 4651 nuntiavit
386 4592 522 4673 populo.
565 4594 678 4658 Varro
700 4595 777 4660 Im.
801 4594 848 4660 V.
870 4619 905 4680 p.
930 4599 983 4661 ll.

292 4682 453 4759 „Plurimi
474 4707 672 4769 supremam
693 4701 769 4773 poet
790 4711 936 4755 ocoesuum
958 4690 1035 4754 solis
1061 4710 1131 4754 esse
1152 4691 1351 4768 existiment,
1383 4691 1457 4777 qnia
1484 4705 1534 4759 est

204 4770 237 4838 ln
259 4773 344 4840 xit.
367 4775 483 4840 ranulis
509 4779 664 4862 scriptum
686 4784 751 4847 sicr
785 4803 847 4849 eon
875 4804 1016 4849 occuem
1038 4804 1187 4851 suranna
1209 4807 1403 4854 muneres
1432 4808 1529 4852 erro.
