3202 5318
32 402 35 411 .
137 329 199 404 797
534 258 549 299 s
617 317 768 393 INDEX
781 315 971 393 OEEGUM.
1057 366 1064 387 .

209 472 470 550 ,Exercebatur
491 489 551 532 una
573 468 646 553 lege
667 466 815 532 iudicium
840 465 985 535 Vasta?
1029 466 1124 529 Brut.
1146 463 1204 542 89,
1229 465 1305 529 aot.

224 568 313 643 „Iam
338 576 553 647 consequente
575 583 657 627 anno
677 563 722 646 Q.
747 561 877 629 Varius
897 581 953 625 sus
977 560 1048 645 lege
1064 561 1227 624 damnatus
1242 562 1458 625 excesserat.”

140 663 235 729 Brut.
258 661 317 736 89,
341 660 414 724 905.
1068 709 1071 715 .

120 802 124 815 ,
223 755 262 821 ln
293 753 426 817 Tuscul.
455 751 502 817 ll.
532 751 583 813 21.
623 746 813 824 Bohierius,
847 747 896 812 vir
924 769 1078 824 summus,
1109 746 1242 833 intelligi
1270 749 1341 812 volt
1369 748 1459 813 aliam

137 851 241 934 legem
255 847 416 922 ,Vas-iam,
447 845 489 910 de
510 845 658 917 incestu,
690 845 776 927 qnod
801 843 951 905 Valerius
979 843 1074 908 Man.
1098 841 1164 906 111.
1188 845 1226 916 7,
1251 843 1304 908 19.
1328 843 1376 924 [et
1396 843 1461 908 Vl.

139 945 176 1019 8,
201 943 250 1023 1.]
292 940 347 1006 Μ.
371 937 544 1005 Antonium
567 941 605 999 de
627 937 750 1000 incestu
772 947 949 999 accusatum
972 935 1088 1010 tradit,
1113 956 1249 1021 eumque
1270 935 1377 1000 locum
1398 937 1462 999 linc

137 1036 277 1100 retulere
297 1035 501 1117 interpretes.
546 1033 608 1095 Sed
626 1041 804 1112 temporum
826 1029 908 1094 ratio
931 1029 1025 1092 facile
1040 1029 1147 1113 arguit
1162 1031 1243 1094 hane
1256 1029 1459 1095 sententian.

139 1129 258 1196 Cicero
287 1129 361 1192 dicit
389 1125 570 1190 sevidisse
598 1123 772 1188 Antonium
793 1145 854 1206 pro
884 1145 919 1187 se
947 1123 1100 1187 dicentem
1126 1145 1219 1187 causa
1246 1125 1320 1208 lege
1346 1122 1460 1187 Varia.

138 1225 186 1288 At
207 1222 367 1287 accusatio
396 1222 434 1284 de
459 1219 581 1282 incestu
608 1223 691 1280 lacta
713 1228 761 1280 est
784 1240 865 1282 anuo
891 1229 1080 1303 quaesturae
1105 1216 1331 1299 provincialis,
1367 1238 1461 1301 quam

138 1315 276 1402 Pighius
297 1315 408 1380 refert
420 1315 511 1376 ada.
536 1334 569 1375 u.
593 1311 685 1389 fito„
708 1332 774 1396 quo
791 1309 908 1376 Cicero
932 1322 1022 1375 uatus
1040 1313 1276 1376 nondumerat.
1319 1312 1461 1375 Necesse

139 1406 236 1494 igitur
259 1419 324 1484 est,
349 1420 383 1471 ut
407 1408 487 1471 idem
508 1416 582 1489 post
602 1404 694 1469 etiam
716 1417 881 1468 accusatus
899 1404 940 1469 sit
962 1407 1001 1468 de
1024 1404 1185 1469 maiestate
1210 1426 1228 1470 e
1249 1406 1323 1492 lege
1344 1403 1459 1482 Varia,

140 1524 214 1615 cunr¹
234 1501 382 1568 Cicero
374 1521 433 1565 ram
456 1501 562 1566 iorum
586 1499 755 1585 attigisset.
788 1501 872 1565 Ειιιι.

714 1689 888 1751 Varistae

223 1831 263 1895 P.
289 1825 422 1894 Vatinii
443 1825 562 1890 tribuni
584 1826 685 1910 plebis
707 1849 737 1892 a.
760 1849 793 1889 u.
817 1849 847 1890 c.
871 1826 946 1889 691.

225 1974 241 2004 ,,
255 1922 412 2003 Quoniam
425 1921 573 2004 pecunias
588 1920 722 1984 aliorum
743 1920 893 2002 despicis,
918 1922 956 1984 de
972 1919 1032 1983 tuis
1050 1918 1167 1983 divitiis
1186 1919 1462 1985 intolerantissime

63 2044 66 2053 ·
140 2014 306 2103 gloriaris,
331 2015 428 2090 volo,
452 2013 499 2077 uti
520 2013 596 2077 milri
622 2015 833 2097 respondeas,
858 2013 1011 2078 fecerisne
1035 2013 1168 2078 foedera
1190 2014 1461 2122 tribunusplebis

139 2132 211 2174 cum
234 2109 436 2184 civitatibus,
460 2130 531 2171 cum
555 2107 703 2215 regibus,
727 2128 798 2170 eum
824 2107 1017 2172 tetrarchis?
1039 2109 1224 2216 erogarisne
1246 2107 1399 2214 pecunias
1421 2128 1462 2171 ex

141 2203 267 2270 aerario
289 2203 351 2267 tuis
375 2202 525 2288 legibus?
548 2201 742 2284 eripuerisne
767 2214 876 2309 partes
897 2203 951 2267 illo
975 2213 1120 2285 ternpore
1145 2201 1322 2267 carissimas
1345 2201 1461 2289 partim

139 2284 337 2373 aCsesare,
360 2297 476 2381 partim
499 2319 516 2359 a
537 2294 763 2379 publicanis?²'
797 2297 829 2359 in
855 2296 964 2363 Vatin.
988 2297 1045 2373 12,
1070 2297 1123 2362 29.

306 2486 460 2551 Venturi
480 2482 558 2547 de'
546 2483 690 2568 imperio
712 2486 751 2549 0.
773 2482 947 2549 Caesaris.

226 2625 320 2708 „Iam
338 2623 451 2686 dictum
468 2634 532 2698 est3
556 2635 703 2686 servante
724 2626 763 2687 de
785 2625 875 2689 eaelo
893 2622 1011 2689 Bibulo
1027 2624 1157 2688 consule
1178 2625 1261 2687 hunc
1283 2624 1462 2691 Vatinium

142 2679 244 2806 legesii
260 2718 369 2781 tulisse
384 2718 454 2781 de
440 2718 586 2801 imperio
602 2719 780 2794 Caesaris,
801 2731 834 2781 ut
849 2716 1022 2783 exeicitum
1037 2740 1098 2801 per
1113 2718 1275 2799 Illyricum
1288 2729 1320 2782 et
1337 2717 1462 2783 Gallias

2 2828 4 2847 ¹
140 2811 305 2877 duceretl'
349 2812 461 2876 Schol.
475 2812 602 2878 Bou·
593 2832 625 2874 tn
649 2813 763 2876 Vatin.
786 2820 819 2895 p.
843 2813 917 2880 317.

227 2905 386 2987 „Galliam
420 2905 613 2986 Cisalpinam
645 2905 776 2985 Illyrico
807 2906 931 2971 adiecto
966 2905 1021 2986 (C.
1050 2905 1184 2987 Caesar)
1216 2909 1289 2993 lege
1320 2908 1462 2975 Vntirsia

142 2959 305 3082 accepit3
318 3020 394 3063 mox
417 3018 476 3081 per
501 3012 643 3061 senatum
667 2996 833 3062 Comatam
856 3022 1015 3116 quoque,-
1012 2999 1142 3063 veritis
1165 3001 1328 3083 patribus,
1353 3023 1409 3078 ne,
1433 3001 1462 3065 si

140 3094 202 3178 ipsi
215 3103 412 3204 negassent,
436 3092 574 3174 populus
597 3104 628 3155 et
649 3093 730 3155 hanc
751 3093 876 3156 daret.''
922 3096 1053 3157 Sueten.
1079 3093 1174 3159 Caes.
1198 3118 1228 3159 c.
1253 3097 1348 3159 22.

215 3177 314 3252 Ὅτι
339 3176 455 3270 ὅμιλος
480 3186 539 3251 τοῦ
567 3209 599 3251 τι
626 3187 803 3274 Ἰλλυρικοῦ
833 3192 886 3251 καὶ
916 3190 973 3267 eri,
999 3191 1168 3267 Ιαλατιας
1194 3191 1250 3270 τῆς
1279 3187 1370 3269 ἐντὸς
1398 3193 1462 3258 τῶν

100 3328 104 3335 ι
132 3277 282 3348 ’Ἁλπιιιν
307 3275 404 3385 ἄρξαι
424 3273 513 3367 αὐτῳ
533 3275 615 3362 μετὰ
637 3280 735 3394 τριῶν
757 3285 1023 3359 στρατοπέδων
1008 3290 1057 3348 sni
1083 3283 1137 3364 ἔτη
1159 3286 1250 3349 πέντε
1272 3283 1384 3363 ἔδωκε,
1405 3291 1463 3350 καὶ

141 3399 162 3456 η
150 3368 289 3484 ῐβιινλιρ
311 3366 370 3452 τήν
392 3395 424 3437 τε
445 3374 468 3436 Ι
473 3371 615 3437 ἀλατιαν
636 3369 693 3451 τὴν
708 3375 852 3440 ἐπέκεινα
867 3376 930 3440 τῶν
945 3367 1030 3463 ὅρων
1045 3382 1100 3442 και
1115 3372 1372 3465 στρατόπεδον”
1354 3401 1462 3464 ιτιριν

141 3469 397 3556 προσεπέτρεψι.
441 3464 506 3529 Dio
537 3463 632 3529 Cass.
659 3466 867 3532 xxxvttl.
895 3469 928 3531 8.
969 3469 1013 3532 cl.
1037 3469 1177 3555 Appiae.
1202 3471 1286 3536 Bell.
1308 3470 1384 3537 civ.
1409 3471 1458 3536 ll.

145 3561 198 3626 19.
242 3558 361 3623 Vellei.
386 3557 516 3622 Patere.
539 3559 587 3622 11:
611 3560 663 3621 11.
699 3560 834 3624 Orosius
857 3562 918 3631 Vl.
942 3566 973 3625 7.

225 3650 393 3728 „Etiismne
414 3652 499 3727 eius,
524 3674 616 3735 quem
636 3674 690 3716 sua
709 3654 779 3737 lege
802 3667 834 3718 et
855 3676 914 3720 suo
933 3656 1089 3720 beneficio
1109 3670 1273 3735 ornatum,
1299 3659 1458 3736 munituna,

141 3759 292 3812 armatum
324 3747 406 3811 solet
443 3746 573 3831 gloriari
602 3747 817 3829 (Vatinium),
855 3747 896 3814 C.
930 3747 1077 3814 Caesaris
1113 3752 1218 3835 legem
1246 3755 1285 3818 de
1321 3753 1462 3839 pecuniis

141 3840 323 3926 repetundis
345 3860 409 3904 non
431 3851 521 3923 putat
543 3861 612 3903 esse
634 3839 787 3925 legens?”
821 3863 881 3924 pro
905 3845 1010 3910 Sestio
1034 3847 1193 3922 61,196.

227 3936 298 4017 „Et
322 3933 470 4017 quoniam
498 3933 666 4020 legationis
690 3947 761 3997 tuae
784 3935 870 3999 faeta
894 3939 1011 4004 mentio
1035 3951 1105 4017 est,
1137 3941 1215 4005 volo
1238 3941 1331 4005 etism
1354 3941 1463 4007 andire

141 4032 182 4094 de
207 4038 256 4105 te,
289 4048 354 4113 quo
385 4029 510 4091 tandem
540 4029 817 4094 senatusconsulto
853 4028 975 4114 legatus
1005 4032 1074 4096 sis?
1120 4034 1171 4097 De
1199 4045 1293 4119 gestu
1319 4035 1462 4144 intelliges

141 4123 218 4207 qsnd
231 4123 446 4204 respondeas
469 4133 521 4183 tua
536 4121 625 4205 lege
650 4120 764 4185 ιιιοίι.υ
786 4122 817 4186 in
834 4124 945 4188 Vatin.
964 4127 1020 4202 15,
1037 4127 1090 4190 95.
1125 4127 1325 4212 Enpueras
1339 4129 1463 4197 senam

140 4217 329 4301 provinciae
366 4216 582 4279 decernendae
615 4226 831 4298 potestatem,
868 4217 1082 4302 imperatoris
1102 4220 1262 4306 deligendi
1300 4223 1458 4301 iudicium,

141 4311 256 4373 aerarii
284 4309 636 4393 dispensationemn
622 4308 749 4391 ·Quis
778 4312 903 4395 legatos
928 4335 1064 4399 unquam
1092 4315 1213 4379 audivit
1238 4316 1307 4380 sine
1335 4328 1462 4383 seusus

140 4404 339 4468 consulto?”
370 4404 402 4467 in
424 4405 533 4468 Vatin.
557 4405 613 4478 15,
638 4404 691 4468 36.

224 4496 388 4560 Vatinium
408 4498 468 4560 lsac
490 4498 560 4582 lege
584 4496 723 4582 legatum
747 4521 816 4563 esse
838 4500 913 4564 dicit
935 4500 1070 4579 Cicero,
1103 4503 1252 4590 quoniam
1277 4505 1462 4572 Caesareo

139 4585 275 4669 imperio
298 4611 389 4666 usus,
413 4594 501 4676 quod
522 4591 593 4677 lege
616 4591 745 4655 Vatinia
768 4607 950 4676 acceperat,
976 4595 1140 4662 Vatinium
1162 4597 1223 4662 sibi
1247 4598 1316 4663 sine
1335 4613 1461 4665 senatun

138 4681 326 4745 auctoritate
352 4684 485 4768 legavit.
528 4686 651 4769 Legem
678 4687 867 4751 aManutio
889 4689 1012 4766 fictam,
1046 4701 1085 4754 ut
1109 4691 1217 4777 legati
1234 4693 1463 4777 prouirsciclss

78 4794 82 4813 ’
135 4793 160 4839 ιι
175 4762 544 4858 popsstomarsnsnr,
567 4791 654 4843 recte
675 4778 787 4845 reiecit
808 4782 991 4847 Ernestius.
1191 4824 1214 4847 .-
