<?xml version="1.0" encoding="UTF-8"?>
<!DOCTYPE html PUBLIC "-//W3C//DTD XHTML 1.0 Transitional//EN"
    "http://www.w3.org/TR/xhtml1/DTD/xhtml1-transitional.dtd">
<html xmlns="http://www.w3.org/1999/xhtml" xml:lang="en" lang="en">
 <head>
  <title>
</title>
<meta http-equiv="Content-Type" content="text/html;charset=utf-8" />
  <meta name='ocr-system' content='tesseract 3.04.00' />
  <meta name='ocr-capabilities' content='ocr_page ocr_carea ocr_par ocr_line ocrx_word'/>
</head>
<body>
  <div class='ocr_page' id='page_1' title='image "./operaquaesupers05halmgoog/operaquaesupers05halmgoog_0415.png"; bbox 0 0 3202 5318; ppageno 0'>
   <div class='ocr_carea' id='block_1_1' title="bbox 132 356 1053 437">
    <p class='ocr_par' dir='ltr' id='par_1_1' title="bbox 132 356 1053 437">
     <span class='ocr_line' id='line_1_1' title="bbox 132 356 1053 437; baseline -0.017 -1"><span class='ocrx_word' id='word_1_1' title='bbox 132 362 195 437; x_wconf 77' lang='lat' dir='ltr'><strong>ost</strong></span> <span class='ocrx_word' id='word_1_2' title='bbox 529 361 681 429; x_wconf 82' lang='lat' dir='ltr'><strong>INDEX</strong></span> <span class='ocrx_word' id='word_1_3' title='bbox 701 356 1053 426; x_wconf 77' lang='lat' dir='ltr'><strong>FORMULARUM.</strong></span> 
     </span>
    </p>
   </div>
   <div class='ocr_carea' id='block_1_2' title="bbox 127 496 1457 969">
    <p class='ocr_par' dir='ltr' id='par_1_2' title="bbox 127 496 1457 969">
     <span class='ocr_line' id='line_1_2' title="bbox 127 496 1452 597; baseline -0.01 -22"><span class='ocrx_word' id='word_1_4' title='bbox 127 513 224 597; x_wconf 82' lang='lat' dir='ltr'><strong>pati,</strong></span> <span class='ocrx_word' id='word_1_5' title='bbox 248 509 274 573; x_wconf 91' lang='lat' dir='ltr'><strong>si</strong></span> <span class='ocrx_word' id='word_1_6' title='bbox 298 508 367 592; x_wconf 89' lang='lat' dir='ltr'><strong>quis</strong></span> <span class='ocrx_word' id='word_1_7' title='bbox 389 506 437 583; x_wconf 84' lang='lat' dir='ltr'><strong>id,</strong></span> <span class='ocrx_word' id='word_1_8' title='bbox 462 508 549 590; x_wconf 83' lang='lat' dir='ltr'><strong>quod</strong></span> <span class='ocrx_word' id='word_1_9' title='bbox 572 505 651 567; x_wconf 90' lang='lat' dir='ltr'><strong>alter</strong></span> <span class='ocrx_word' id='word_1_10' title='bbox 672 502 826 576; x_wconf 82' lang='lat' dir='ltr'>intendit,</span> <span class='ocrx_word' id='word_1_11' title='bbox 851 513 980 583; x_wconf 88' lang='lat' dir='ltr'><strong>paratus</strong></span> <span class='ocrx_word' id='word_1_12' title='bbox 1003 510 1051 563; x_wconf 89' lang='lat' dir='ltr'><strong>est</strong></span> <span class='ocrx_word' id='word_1_13' title='bbox 1073 497 1115 561; x_wconf 89' lang='lat' dir='ltr'><strong>ita</strong></span> <span class='ocrx_word' id='word_1_14' title='bbox 1137 496 1315 575; x_wconf 89' lang='lat' dir='ltr'><strong>sustinere,</strong></span> <span class='ocrx_word' id='word_1_15' title='bbox 1339 508 1378 564; x_wconf 89' lang='lat' dir='ltr'><strong>ut</strong></span> <span class='ocrx_word' id='word_1_16' title='bbox 1401 520 1452 564; x_wconf 90' lang='lat' dir='ltr'><strong>res</strong></span> 
     </span>
     <span class='ocr_line' id='line_1_3' title="bbox 132 593 1452 687; baseline -0.008 -19"><span class='ocrx_word' id='word_1_17' title='bbox 132 608 215 687; x_wconf 85' lang='lat' dir='ltr'><strong>apud</strong></span> <span class='ocrx_word' id='word_1_18' title='bbox 236 604 369 666; x_wconf 87' lang='lat' dir='ltr'><strong>iudicem</strong></span> <span class='ocrx_word' id='word_1_19' title='bbox 395 613 527 686; x_wconf 82' lang='lat' dir='ltr'><strong>agatur3</strong></span> <span class='ocrx_word' id='word_1_20' title='bbox 561 619 640 682; x_wconf 88' lang='lat' dir='ltr'><strong>qnae</strong></span> <span class='ocrx_word' id='word_1_21' title='bbox 666 597 822 671; x_wconf 80' lang='lat' dir='ltr'><strong>formula,</strong></span> <span class='ocrx_word' id='word_1_22' title='bbox 848 596 994 679; x_wconf 77' lang='lat' dir='ltr'><strong>quioniam</strong></span> <span class='ocrx_word' id='word_1_23' title='bbox 1025 595 1091 655; x_wconf 88' lang='lat' dir='ltr'><strong>eius</strong></span> <span class='ocrx_word' id='word_1_24' title='bbox 1115 593 1197 657; x_wconf 86' lang='lat' dir='ltr'><strong>ratio</strong></span> <span class='ocrx_word' id='word_1_25' title='bbox 1221 594 1452 675; x_wconf 86' lang='lat' dir='ltr'><strong>grammatica,</strong></span> 
     </span>
     <span class='ocr_line' id='line_1_4' title="bbox 132 687 1456 775; baseline -0.008 -14"><span class='ocrx_word' id='word_1_26' title='bbox 132 699 192 763; x_wconf 90' lang='lat' dir='ltr'><strong>etsi</strong></span> <span class='ocrx_word' id='word_1_27' title='bbox 216 698 336 760; x_wconf 85' lang='lat' dir='ltr'><strong>sincera</strong></span> <span class='ocrx_word' id='word_1_28' title='bbox 359 716 396 757; x_wconf 88' lang='lat' dir='ltr'><strong>ac</strong></span> <span class='ocrx_word' id='word_1_29' title='bbox 417 695 571 775; x_wconf 79' lang='lat' dir='ltr'><strong>simplex,</strong></span> <span class='ocrx_word' id='word_1_30' title='bbox 602 692 709 774; x_wconf 89' lang='lat' dir='ltr'><strong>paullo</strong></span> <span class='ocrx_word' id='word_1_31' title='bbox 734 702 837 751; x_wconf 90' lang='lat' dir='ltr'><strong>tamen</strong></span> <span class='ocrx_word' id='word_1_32' title='bbox 863 687 1057 770; x_wconf 80' lang='lat' dir='ltr'><strong>implicatior</strong></span> <span class='ocrx_word' id='word_1_33' title='bbox 1081 698 1167 762; x_wconf 87' lang='lat' dir='ltr'><strong>erat,</strong></span> <span class='ocrx_word' id='word_1_34' title='bbox 1194 687 1393 771; x_wconf 86' lang='lat' dir='ltr'><strong>plerumque</strong></span> <span class='ocrx_word' id='word_1_35' title='bbox 1415 687 1456 751; x_wconf 87' lang='lat' dir='ltr'><strong>ita</strong></span> 
     </span>
     <span class='ocr_line' id='line_1_5' title="bbox 132 780 1456 874; baseline -0.008 -18"><span class='ocrx_word' id='word_1_36' title='bbox 132 804 285 874; x_wconf 89' lang='lat' dir='ltr'><strong>corrupta</strong></span> <span class='ocrx_word' id='word_1_37' title='bbox 313 803 386 865; x_wconf 67' lang='lat' dir='ltr'><strong>est,</strong></span> <span class='ocrx_word' id='word_1_38' title='bbox 400 800 434 851; x_wconf 95' lang='lat' dir='ltr'><strong>ut</strong></span> <span class='ocrx_word' id='word_1_39' title='bbox 456 809 516 870; x_wconf 87' lang='lat' dir='ltr'><strong>pro</strong></span> <span class='ocrx_word' id='word_1_40' title='bbox 540 808 575 848; x_wconf 93' lang='lat' dir='ltr'><strong>ea</strong></span> <span class='ocrx_word' id='word_1_41' title='bbox 600 785 815 848; x_wconf 82' lang='lat' dir='ltr'><strong>scriberetur:</strong></span> <span class='ocrx_word' id='word_1_42' title='bbox 846 782 1010 845; x_wconf 84' lang='lat' dir='ltr'><strong>iudicium</strong></span> <span class='ocrx_word' id='word_1_43' title='bbox 1030 781 1118 864; x_wconf 82' lang='lat' dir='ltr'><strong>pati.</strong></span> <span class='ocrx_word' id='word_1_44' title='bbox 1163 781 1227 843; x_wconf 80' lang='lat' dir='ltr'><strong>seo</strong></span> <span class='ocrx_word' id='word_1_45' title='bbox 1248 780 1325 844; x_wconf 91' lang='lat' dir='ltr'><strong>libri</strong></span> <span class='ocrx_word' id='word_1_46' title='bbox 1355 793 1456 845; x_wconf 82' lang='lat' dir='ltr'><strong>tamer</strong></span> 
     </span>
     <span class='ocr_line' id='line_1_6' title="bbox 131 875 1457 969; baseline -0.008 -18"><span class='ocrx_word' id='word_1_47' title='bbox 131 885 255 969; x_wconf 81' lang='lat' dir='ltr'><strong>optumi</strong></span> <span class='ocrx_word' id='word_1_48' title='bbox 279 885 408 948; x_wconf 81' lang='lat' dir='ltr'><strong>eandem</strong></span> <span class='ocrx_word' id='word_1_49' title='bbox 432 891 624 966; x_wconf 84' lang='lat' dir='ltr'><strong>agnoscunt,</strong></span> <span class='ocrx_word' id='word_1_50' title='bbox 650 878 784 940; x_wconf 87' lang='lat' dir='ltr'><strong>velutin</strong></span> <span class='ocrx_word' id='word_1_51' title='bbox 802 886 954 939; x_wconf 82' lang='lat' dir='ltr'><strong>accusat.</strong></span> <span class='ocrx_word' id='word_1_52' title='bbox 979 875 1035 937; x_wconf 92' lang='lat' dir='ltr'><strong>lib.</strong></span> <span class='ocrx_word' id='word_1_53' title='bbox 1059 876 1106 939; x_wconf 87' lang='lat'><strong>11.</strong></span> <span class='ocrx_word' id='word_1_54' title='bbox 1131 896 1159 941; x_wconf 89' lang='lat' dir='ltr'><strong>c.</strong></span> <span class='ocrx_word' id='word_1_55' title='bbox 1184 875 1324 942; x_wconf 87' lang='lat' dir='ltr'>XXIV.</span> <span class='ocrx_word' id='word_1_56' title='bbox 1348 878 1384 951; x_wconf 84' lang='lat'><strong>§.</strong></span> <span class='ocrx_word' id='word_1_57' title='bbox 1408 880 1457 941; x_wconf 87' lang='grc'><strong>00.</strong></span> 
     </span>
    </p>
   </div>
   <div class='ocr_carea' id='block_1_3' title="bbox 130 970 1467 4913">
    <p class='ocr_par' dir='ltr' id='par_1_3' title="bbox 130 970 1460 2189">
     <span class='ocr_line' id='line_1_7' title="bbox 131 970 1460 1062; baseline -0.006 -19"><span class='ocrx_word' id='word_1_58' title='bbox 131 979 253 1055; x_wconf 81' lang='lat' dir='ltr'><strong>amici,</strong></span> <span class='ocrx_word' id='word_1_59' title='bbox 287 978 415 1062; x_wconf 84' lang='lat' dir='ltr'><strong>siquis</strong></span> <span class='ocrx_word' id='word_1_60' title='bbox 442 975 526 1060; x_wconf 82' lang='lat' dir='ltr'><strong>quid</strong></span> <span class='ocrx_word' id='word_1_61' title='bbox 546 984 697 1057; x_wconf 82' lang='lat' dir='ltr'><strong>peteret,</strong></span> <span class='ocrx_word' id='word_1_62' title='bbox 732 971 861 1035; x_wconf 76' lang='lat' dir='ltr'><strong>iudicio</strong></span> <span class='ocrx_word' id='word_1_63' title='bbox 883 993 919 1033; x_wconf 84' lang='lat' dir='ltr'><strong>se</strong></span> <span class='ocrx_word' id='word_1_64' title='bbox 938 991 1125 1053; x_wconf 84' lang='lat' dir='ltr'><strong>passuros,</strong></span> <span class='ocrx_word' id='word_1_65' title='bbox 1159 970 1357 1034; x_wconf 80' lang='lat' dir='ltr'><strong>iudicatum</strong></span> <span class='ocrx_word' id='word_1_66' title='bbox 1380 974 1460 1035; x_wconf 79' lang='lat' dir='ltr'><strong>solui</strong></span> 
     </span>
     <span class='ocr_line' id='line_1_8' title="bbox 130 1064 1458 1143; baseline -0.007 -6"><span class='ocrx_word' id='word_1_67' title='bbox 130 1074 218 1138; x_wconf 85' lang='lat' dir='ltr'><strong>satis</strong></span> <span class='ocrx_word' id='word_1_68' title='bbox 241 1073 383 1134; x_wconf 81' lang='lat' dir='ltr'><strong>daturos</strong></span> <span class='ocrx_word' id='word_1_69' title='bbox 404 1092 477 1133; x_wconf 84' lang='lat' dir='ltr'><strong>esse</strong></span> <span class='ocrx_word' id='word_1_70' title='bbox 502 1068 690 1141; x_wconf 63' lang='lat' dir='ltr'><strong>dicebant„</strong></span> <span class='ocrx_word' id='word_1_71' title='bbox 715 1066 761 1127; x_wconf 92' lang='lat' dir='ltr'><strong>uti</strong></span> <span class='ocrx_word' id='word_1_72' title='bbox 784 1078 814 1128; x_wconf 91' lang='lat' dir='ltr'><strong>et</strong></span> <span class='ocrx_word' id='word_1_73' title='bbox 838 1064 911 1127; x_wconf 91' lang='lat' dir='ltr'><strong>libri</strong></span> <span class='ocrx_word' id='word_1_74' title='bbox 935 1086 1061 1137; x_wconf 89' lang='lat' dir='ltr'><strong>omnes,</strong></span> <span class='ocrx_word' id='word_1_75' title='bbox 1087 1064 1179 1127; x_wconf 89' lang='lat' dir='ltr'><strong>etiam</strong></span> <span class='ocrx_word' id='word_1_76' title='bbox 1203 1064 1406 1143; x_wconf 77' lang='lat' dir='ltr'><strong>Vaticanus,</strong></span> <span class='ocrx_word' id='word_1_77' title='bbox 1429 1079 1458 1130; x_wconf 84' lang='lat' dir='ltr'><strong>et</strong></span> 
     </span>
     <span class='ocr_line' id='line_1_9' title="bbox 133 1157 1458 1248; baseline -0.005 -16"><span class='ocrx_word' id='word_1_78' title='bbox 133 1168 205 1232; x_wconf 79' lang='lat' dir='ltr'><strong>edd.</strong></span> <span class='ocrx_word' id='word_1_79' title='bbox 229 1166 388 1248; x_wconf 85' lang='lat' dir='ltr'><strong>principes</strong></span> <span class='ocrx_word' id='word_1_80' title='bbox 413 1166 541 1247; x_wconf 82' lang='lat' dir='ltr'><strong>legunt,</strong></span> <span class='ocrx_word' id='word_1_81' title='bbox 572 1175 604 1224; x_wconf 91' lang='lat' dir='ltr'><strong>et</strong></span> <span class='ocrx_word' id='word_1_82' title='bbox 626 1173 777 1222; x_wconf 84' lang='lat' dir='ltr'><strong>accusat.</strong></span> <span class='ocrx_word' id='word_1_83' title='bbox 802 1162 857 1221; x_wconf 92' lang='lat' dir='ltr'><strong>lib.</strong></span> <span class='ocrx_word' id='word_1_84' title='bbox 882 1159 947 1221; x_wconf 85' lang='lat'><strong>111.</strong></span> <span class='ocrx_word' id='word_1_85' title='bbox 974 1157 1016 1223; x_wconf 86' lang='lat' dir='ltr'><strong>C.</strong></span> <span class='ocrx_word' id='word_1_86' title='bbox 1040 1158 1215 1222; x_wconf 85' lang='lat' dir='ltr'><strong>XXVIII.</strong></span> <span class='ocrx_word' id='word_1_87' title='bbox 1239 1162 1272 1232; x_wconf 89' lang='lat'><strong>§.</strong></span> <span class='ocrx_word' id='word_1_88' title='bbox 1299 1160 1377 1236; x_wconf 83' lang='grc'><strong>08.,</strong></span> <span class='ocrx_word' id='word_1_89' title='bbox 1409 1162 1458 1225; x_wconf 90' lang='lat' dir='ltr'><strong>ubi</strong></span> 
     </span>
     <span class='ocr_line' id='line_1_10' title="bbox 132 1252 1456 1342; baseline -0.007 -16"><span class='ocrx_word' id='word_1_90' title='bbox 132 1263 308 1326; x_wconf 81' lang='lat' dir='ltr'><strong>Vaticanus</strong></span> <span class='ocrx_word' id='word_1_91' title='bbox 337 1273 368 1323; x_wconf 90' lang='lat' dir='ltr'><strong>et</strong></span> <span class='ocrx_word' id='word_1_92' title='bbox 391 1255 695 1342; x_wconf 82' lang='lat' dir='ltr'><strong>Lagoniarsiniauus</strong></span> <span class='ocrx_word' id='word_1_93' title='bbox 719 1256 775 1329; x_wconf 82' lang='grc'><strong>12,</strong></span> <span class='ocrx_word' id='word_1_94' title='bbox 800 1252 876 1317; x_wconf 88' lang='lat' dir='ltr'><strong>libri</strong></span> <span class='ocrx_word' id='word_1_95' title='bbox 899 1253 1039 1335; x_wconf 82' lang='lat' dir='ltr'><strong>optumi,</strong></span> <span class='ocrx_word' id='word_1_96' title='bbox 1064 1253 1093 1315; x_wconf 93' lang='lat' dir='ltr'><strong>in</strong></span> <span class='ocrx_word' id='word_1_97' title='bbox 1117 1254 1177 1315; x_wconf 90' lang='lat' dir='ltr'><strong>bac</strong></span> <span class='ocrx_word' id='word_1_98' title='bbox 1196 1252 1364 1336; x_wconf 84' lang='lat' dir='ltr'><strong>scriptura</strong></span> <span class='ocrx_word' id='word_1_99' title='bbox 1385 1276 1456 1319; x_wconf 88' lang='lat' dir='ltr'><strong>cou-</strong></span> 
     </span>
     <span class='ocr_line' id='line_1_11' title="bbox 132 1347 1456 1440; baseline -0.005 -21"><span class='ocrx_word' id='word_1_100' title='bbox 132 1356 293 1419; x_wconf 81' lang='lat' dir='ltr'><strong>seutiunt:</strong></span> <span class='ocrx_word' id='word_1_101' title='bbox 329 1356 588 1440; x_wconf 82' lang='lat' dir='ltr'><strong>Agyrinenses,</strong></span> <span class='ocrx_word' id='word_1_102' title='bbox 623 1350 690 1412; x_wconf 85' lang='lat' dir='ltr'><strong>oiri</strong></span> <span class='ocrx_word' id='word_1_103' title='bbox 702 1348 932 1435; x_wconf 72' lang='lat' dir='ltr'><strong>fortissumi,</strong></span> <span class='ocrx_word' id='word_1_104' title='bbox 965 1347 1096 1410; x_wconf 84' lang='lat' dir='ltr'><strong>iudicio</strong></span> <span class='ocrx_word' id='word_1_105' title='bbox 1123 1369 1159 1410; x_wconf 84' lang='lat' dir='ltr'><strong>se</strong></span> <span class='ocrx_word' id='word_1_106' title='bbox 1184 1358 1363 1430; x_wconf 76' lang='lat' dir='ltr'><strong>passuros</strong></span> <span class='ocrx_word' id='word_1_107' title='bbox 1390 1372 1456 1414; x_wconf 82' lang='lat' dir='ltr'><strong>esse</strong></span> 
     </span>
     <span class='ocr_line' id='line_1_12' title="bbox 132 1442 1454 1527; baseline -0.005 -14"><span class='ocrx_word' id='word_1_108' title='bbox 132 1450 299 1512; x_wconf 78' lang='lat' dir='ltr'><strong>dicebant.</strong></span> <span class='ocrx_word' id='word_1_109' title='bbox 345 1449 425 1509; x_wconf 91' lang='lat' dir='ltr'><strong>Eam</strong></span> <span class='ocrx_word' id='word_1_110' title='bbox 452 1445 621 1508; x_wconf 82' lang='lat' dir='ltr'><strong>formulam</strong></span> <span class='ocrx_word' id='word_1_111' title='bbox 646 1456 678 1503; x_wconf 93' lang='lat' dir='ltr'><strong>et</strong></span> <span class='ocrx_word' id='word_1_112' title='bbox 704 1442 872 1522; x_wconf 91' lang='lat' dir='ltr'><strong>Zumptius</strong></span> <span class='ocrx_word' id='word_1_113' title='bbox 895 1453 981 1503; x_wconf 87' lang='lat' dir='ltr'><strong>recte</strong></span> <span class='ocrx_word' id='word_1_114' title='bbox 1004 1444 1125 1504; x_wconf 83' lang='lat' dir='ltr'><strong>demruu</strong></span> <span class='ocrx_word' id='word_1_115' title='bbox 1150 1443 1287 1527; x_wconf 84' lang='lat' dir='ltr'><strong>agnovit</strong></span> <span class='ocrx_word' id='word_1_116' title='bbox 1302 1465 1389 1507; x_wconf 90' lang='lat' dir='ltr'><strong>.cnm</strong></span> <span class='ocrx_word' id='word_1_117' title='bbox 1415 1446 1454 1508; x_wconf 79' lang='grc' dir='ltr'><strong>Α.</strong></span> 
     </span>
     <span class='ocr_line' id='line_1_13' title="bbox 133 1534 1454 1616; baseline -0.005 -9"><span class='ocrx_word' id='word_1_118' title='bbox 133 1543 229 1607; x_wconf 84' lang='lat' dir='ltr'><strong>Maio</strong></span> <span class='ocrx_word' id='word_1_119' title='bbox 255 1541 286 1602; x_wconf 91' lang='lat' dir='ltr'><strong>in</strong></span> <span class='ocrx_word' id='word_1_120' title='bbox 308 1541 471 1605; x_wconf 82' lang='lat' dir='ltr'><strong>Addemlis</strong></span> <span class='ocrx_word' id='word_1_121' title='bbox 494 1541 533 1600; x_wconf 90' lang='lat' dir='ltr'><strong>ad</strong></span> <span class='ocrx_word' id='word_1_122' title='bbox 552 1537 684 1600; x_wconf 88' lang='lat' dir='ltr'><strong>Verrio.</strong></span> <span class='ocrx_word' id='word_1_123' title='bbox 712 1547 810 1598; x_wconf 88' lang='lat' dir='ltr'><strong>oratt.</strong></span> <span class='ocrx_word' id='word_1_124' title='bbox 836 1558 868 1616; x_wconf 90' lang='lat' dir='ltr'><strong>p.</strong></span> <span class='ocrx_word' id='word_1_125' title='bbox 896 1534 988 1598; x_wconf 83' lang='grc'><strong>1029.</strong></span> <span class='ocrx_word' id='word_1_126' title='bbox 1013 1547 1042 1597; x_wconf 91' lang='lat' dir='ltr'><strong>et</strong></span> <span class='ocrx_word' id='word_1_127' title='bbox 1066 1556 1124 1597; x_wconf 92' lang='lat' dir='ltr'><strong>nos</strong></span> <span class='ocrx_word' id='word_1_128' title='bbox 1147 1534 1357 1600; x_wconf 72' lang='lat' dir='ltr'><strong>restituemus</strong></span> <span class='ocrx_word' id='word_1_129' title='bbox 1379 1539 1454 1602; x_wconf 81' lang='lat' dir='ltr'><strong>inira</strong></span> 
     </span>
     <span class='ocr_line' id='line_1_14' title="bbox 134 1630 1453 1717; baseline -0.002 -19"><span class='ocrx_word' id='word_1_130' title='bbox 134 1636 179 1717; x_wconf 93' lang='lat' dir='ltr'><strong>[iu</strong></span> <span class='ocrx_word' id='word_1_131' title='bbox 203 1646 287 1699; x_wconf 86' lang='lat' dir='ltr'><strong>orat.</strong></span> <span class='ocrx_word' id='word_1_132' title='bbox 308 1656 376 1717; x_wconf 82' lang='lat' dir='ltr'><strong>pro</strong></span> <span class='ocrx_word' id='word_1_133' title='bbox 398 1637 437 1698; x_wconf 90' lang='lat' dir='ltr'><strong>P.</strong></span> <span class='ocrx_word' id='word_1_134' title='bbox 460 1632 635 1716; x_wconf 79' lang='lat' dir='ltr'><strong>Qrainctio]</strong></span> <span class='ocrx_word' id='word_1_135' title='bbox 664 1651 735 1711; x_wconf 84' lang='lat' dir='ltr'><strong>cap.</strong></span> <span class='ocrx_word' id='word_1_136' title='bbox 760 1631 931 1694; x_wconf 85' lang='lat' dir='ltr'><strong>XXVIII.</strong></span> <span class='ocrx_word' id='word_1_137' title='bbox 956 1632 986 1702; x_wconf 89' lang='lat'><strong>§.</strong></span> <span class='ocrx_word' id='word_1_138' title='bbox 1011 1630 1063 1691; x_wconf 83' lang='grc'><strong>87.</strong></span> <span class='ocrx_word' id='word_1_139' title='bbox 1098 1650 1138 1692; x_wconf 91' lang='lat' dir='ltr'><strong>ex</strong></span> <span class='ocrx_word' id='word_1_140' title='bbox 1165 1630 1253 1692; x_wconf 89' lang='lat' dir='ltr'><strong>libris</strong></span> <span class='ocrx_word' id='word_1_141' title='bbox 1281 1633 1453 1712; x_wconf 77' lang='lat' dir='ltr'><strong>plurumis:</strong></span> 
     </span>
     <span class='ocr_line' id='line_1_15' title="bbox 131 1723 1454 1810; baseline 0 -18"><span class='ocrx_word' id='word_1_142' title='bbox 131 1730 262 1792; x_wconf 80' lang='lat' dir='ltr'><strong>idcirco</strong></span> <span class='ocrx_word' id='word_1_143' title='bbox 287 1728 401 1791; x_wconf 86' lang='lat' dir='ltr'><strong>minus</strong></span> <span class='ocrx_word' id='word_1_144' title='bbox 429 1727 556 1790; x_wconf 75' lang='lat' dir='ltr'><strong>iudicio</strong></span> <span class='ocrx_word' id='word_1_145' title='bbox 576 1725 653 1809; x_wconf 82' lang='lat' dir='ltr'><strong>pati</strong></span> <span class='ocrx_word' id='word_1_146' title='bbox 673 1737 838 1809; x_wconf 82' lang='lat' dir='ltr'><strong>paratum</strong></span> <span class='ocrx_word' id='word_1_147' title='bbox 858 1723 986 1810; x_wconf 80' lang='lat' dir='ltr'><strong>ficisse.</strong></span> <span class='ocrx_word' id='word_1_148' title='bbox 1038 1723 1161 1785; x_wconf 84' lang='lat' dir='ltr'><strong>Ambae</strong></span> <span class='ocrx_word' id='word_1_149' title='bbox 1188 1726 1248 1786; x_wconf 89' lang='lat' dir='ltr'><strong>hae</strong></span> <span class='ocrx_word' id='word_1_150' title='bbox 1277 1726 1454 1803; x_wconf 77' lang='lat' dir='ltr'><strong>formulae,</strong></span> 
     </span>
     <span class='ocr_line' id='line_1_16' title="bbox 132 1817 1455 1905; baseline -0.001 -21"><span class='ocrx_word' id='word_1_151' title='bbox 132 1825 172 1886; x_wconf 87' lang='lat' dir='ltr'><strong>de</strong></span> <span class='ocrx_word' id='word_1_152' title='bbox 202 1822 316 1905; x_wconf 89' lang='lat' dir='ltr'><strong>quibus</strong></span> <span class='ocrx_word' id='word_1_153' title='bbox 339 1821 474 1884; x_wconf 85' lang='lat' dir='ltr'><strong>dubitari</strong></span> <span class='ocrx_word' id='word_1_154' title='bbox 498 1822 557 1882; x_wconf 88' lang='lat' dir='ltr'><strong>iam</strong></span> <span class='ocrx_word' id='word_1_155' title='bbox 589 1841 651 1883; x_wconf 92' lang='lat' dir='ltr'><strong>uon</strong></span> <span class='ocrx_word' id='word_1_156' title='bbox 676 1831 800 1901; x_wconf 87' lang='lat' dir='ltr'><strong>potest,</strong></span> <span class='ocrx_word' id='word_1_157' title='bbox 826 1820 950 1880; x_wconf 90' lang='lat' dir='ltr'><strong>—hoc</strong></span> <span class='ocrx_word' id='word_1_158' title='bbox 977 1818 1050 1880; x_wconf 89' lang='lat' dir='ltr'><strong>loco</strong></span> <span class='ocrx_word' id='word_1_159' title='bbox 1073 1817 1261 1893; x_wconf 77' lang='lat' dir='ltr'><strong>coniunctae</strong></span> <span class='ocrx_word' id='word_1_160' title='bbox 1291 1821 1337 1884; x_wconf 90' lang='lat' dir='ltr'><strong>ita</strong></span> <span class='ocrx_word' id='word_1_161' title='bbox 1367 1834 1455 1895; x_wconf 78' lang='lat' dir='ltr'><strong>strat,</strong></span> 
     </span>
     <span class='ocr_line' id='line_1_17' title="bbox 132 1911 1457 1997; baseline -0.002 -18"><span class='ocrx_word' id='word_1_162' title='bbox 132 1927 168 1979; x_wconf 91' lang='lat' dir='ltr'><strong>ut</strong></span> <span class='ocrx_word' id='word_1_163' title='bbox 190 1917 318 1979; x_wconf 84' lang='lat' dir='ltr'><strong>iudicio</strong></span> <span class='ocrx_word' id='word_1_164' title='bbox 345 1919 384 1978; x_wconf 87' lang='lat' dir='ltr'><strong>ad</strong></span> <span class='ocrx_word' id='word_1_165' title='bbox 405 1926 575 1997; x_wconf 80' lang='lat' dir='ltr'><strong>utrumque</strong></span> <span class='ocrx_word' id='word_1_166' title='bbox 598 1915 730 1976; x_wconf 90' lang='lat' dir='ltr'><strong>verbum</strong></span> <span class='ocrx_word' id='word_1_167' title='bbox 752 1911 945 1994; x_wconf 81' lang='lat' dir='ltr'><strong>pertineret,</strong></span> <span class='ocrx_word' id='word_1_168' title='bbox 981 1913 1055 1986; x_wconf 86' lang='lat' dir='ltr'><strong>sed,</strong></span> <span class='ocrx_word' id='word_1_169' title='bbox 1091 1923 1126 1972; x_wconf 89' lang='lat' dir='ltr'><strong>ut</strong></span> <span class='ocrx_word' id='word_1_170' title='bbox 1151 1934 1209 1993; x_wconf 87' lang='lat' dir='ltr'><strong>par</strong></span> <span class='ocrx_word' id='word_1_171' title='bbox 1236 1924 1327 1989; x_wconf 87' lang='lat' dir='ltr'><strong>erat,</strong></span> <span class='ocrx_word' id='word_1_172' title='bbox 1365 1917 1457 1979; x_wconf 88' lang='lat' dir='ltr'><strong>semel</strong></span> 
     </span>
     <span class='ocr_line' id='line_1_18' title="bbox 132 2006 1457 2094; baseline 0.002 -22"><span class='ocrx_word' id='word_1_173' title='bbox 132 2022 252 2073; x_wconf 85' lang='lat' dir='ltr'><strong>tautum</strong></span> <span class='ocrx_word' id='word_1_174' title='bbox 276 2022 465 2092; x_wconf 85' lang='lat' dir='ltr'><strong>poneretur.</strong></span> <span class='ocrx_word' id='word_1_175' title='bbox 498 2009 550 2072; x_wconf 90' lang='lat' dir='ltr'><strong>Sic</strong></span> <span class='ocrx_word' id='word_1_176' title='bbox 570 2009 673 2070; x_wconf 89' lang='lat' dir='ltr'><strong>omnia</strong></span> <span class='ocrx_word' id='word_1_177' title='bbox 697 2007 755 2069; x_wconf 89' lang='lat' dir='ltr'><strong>iam</strong></span> <span class='ocrx_word' id='word_1_178' title='bbox 773 2029 846 2070; x_wconf 89' lang='lat' dir='ltr'><strong>sana</strong></span> <span class='ocrx_word' id='word_1_179' title='bbox 867 2019 956 2069; x_wconf 80' lang='lat' dir='ltr'><strong>saint:</strong></span> <span class='ocrx_word' id='word_1_180' title='bbox 980 2029 1047 2069; x_wconf 88' lang='lat' dir='ltr'><strong>non</strong></span> <span class='ocrx_word' id='word_1_181' title='bbox 1063 2020 1114 2071; x_wconf 85' lang='lat' dir='ltr'><strong>est</strong></span> <span class='ocrx_word' id='word_1_182' title='bbox 1129 2006 1316 2091; x_wconf 80' lang='lat' dir='ltr'><strong>istudpati</strong></span> <span class='ocrx_word' id='word_1_183' title='bbox 1336 2013 1457 2094; x_wconf 85' lang='lat' dir='ltr'><strong>(nempe</strong></span> 
     </span>
     <span class='ocr_line' id='line_1_19' title="bbox 135 2101 805 2189; baseline -0.007 -22"><span class='ocrx_word' id='word_1_184' title='bbox 135 2105 280 2186; x_wconf 78' lang='lat' dir='ltr'><strong>iudicio)</strong></span> <span class='ocrx_word' id='word_1_185' title='bbox 303 2125 410 2189; x_wconf 74' lang='lat' dir='ltr'><strong>neptae</strong></span> <span class='ocrx_word' id='word_1_186' title='bbox 432 2104 561 2166; x_wconf 84' lang='lat' dir='ltr'><strong>iudicio</strong></span> <span class='ocrx_word' id='word_1_187' title='bbox 583 2101 805 2184; x_wconf 78' lang='lat' dir='ltr'><strong>defendere.’&#39;</strong></span> 
     </span>
    </p>

    <p class='ocr_par' dir='ltr' id='par_1_4' title="bbox 136 2195 1455 2366">
     <span class='ocr_line' id='line_1_20' title="bbox 219 2195 1455 2284; baseline 0.002 -22"><span class='ocrx_word' id='word_1_188' title='bbox 219 2198 415 2263; x_wconf 87' lang='lat' dir='ltr'><strong>Indicium</strong></span> <span class='ocrx_word' id='word_1_189' title='bbox 439 2197 573 2261; x_wconf 88' lang='lat' dir='ltr'><strong>maiores</strong></span> <span class='ocrx_word' id='word_1_190' title='bbox 596 2196 806 2259; x_wconf 91' lang='lat' dir='ltr'><strong>consilium</strong></span> <span class='ocrx_word' id='word_1_191' title='bbox 830 2195 1038 2277; x_wconf 90' lang='lat' dir='ltr'><strong>publicum</strong></span> <span class='ocrx_word' id='word_1_192' title='bbox 1061 2196 1378 2267; x_wconf 88' lang='lat' dir='ltr'><strong>vocarivolueruut.</strong></span> <span class='ocrx_word' id='word_1_193' title='bbox 1401 2221 1455 2284; x_wconf 92' lang='lat' dir='ltr'><strong>pro</strong></span> 
     </span>
     <span class='ocr_line' id='line_1_21' title="bbox 136 2293 601 2366; baseline -0.011 -7"><span class='ocrx_word' id='word_1_194' title='bbox 136 2296 172 2359; x_wconf 87' lang='lat' dir='ltr'><strong>S.</strong></span> <span class='ocrx_word' id='word_1_195' title='bbox 195 2295 319 2358; x_wconf 81' lang='lat' dir='ltr'><strong>Roscio</strong></span> <span class='ocrx_word' id='word_1_196' title='bbox 343 2296 419 2357; x_wconf 89' lang='lat' dir='ltr'><strong>Am.</strong></span> <span class='ocrx_word' id='word_1_197' title='bbox 443 2293 501 2366; x_wconf 81' lang='grc'><strong>52,</strong></span> <span class='ocrx_word' id='word_1_198' title='bbox 530 2293 601 2354; x_wconf 83' lang='grc'><strong>151.</strong></span> 
     </span>
    </p>

    <p class='ocr_par' dir='ltr' id='par_1_5' title="bbox 135 2384 1456 2752">
     <span class='ocr_line' id='line_1_22' title="bbox 219 2384 1456 2467; baseline -0.002 -16"><span class='ocrx_word' id='word_1_199' title='bbox 219 2388 416 2451; x_wconf 85' lang='lat' dir='ltr'><strong>Iudicium</strong></span> <span class='ocrx_word' id='word_1_200' title='bbox 440 2397 488 2449; x_wconf 91' lang='lat' dir='ltr'><strong>est</strong></span> <span class='ocrx_word' id='word_1_201' title='bbox 510 2384 662 2467; x_wconf 87' lang='lat' dir='ltr'><strong>pecuniae</strong></span> <span class='ocrx_word' id='word_1_202' title='bbox 687 2397 809 2446; x_wconf 87' lang='lat' dir='ltr'><strong>certae:</strong></span> <span class='ocrx_word' id='word_1_203' title='bbox 844 2384 1057 2446; x_wconf 87' lang='lat' dir='ltr'><strong>arbitrium</strong></span> <span class='ocrx_word' id='word_1_204' title='bbox 1081 2385 1235 2448; x_wconf 85' lang='lat' dir='ltr'><strong>incertae.</strong></span> <span class='ocrx_word' id='word_1_205' title='bbox 1283 2387 1340 2450; x_wconf 75' lang='lat' dir='ltr'><strong>Aa</strong></span> <span class='ocrx_word' id='word_1_206' title='bbox 1362 2386 1456 2450; x_wconf 83' lang='lat' dir='ltr'><strong>iurli·</strong></span> 
     </span>
     <span class='ocr_line' id='line_1_23' title="bbox 135 2478 1456 2554; baseline -0.002 -10"><span class='ocrx_word' id='word_1_207' title='bbox 135 2481 234 2544; x_wconf 90' lang='lat' dir='ltr'><strong>cium</strong></span> <span class='ocrx_word' id='word_1_208' title='bbox 258 2482 321 2543; x_wconf 91' lang='lat' dir='ltr'><strong>hoc</strong></span> <span class='ocrx_word' id='word_1_209' title='bbox 344 2484 439 2545; x_wconf 90' lang='lat' dir='ltr'><strong>modo</strong></span> <span class='ocrx_word' id='word_1_210' title='bbox 467 2481 626 2554; x_wconf 88' lang='lat' dir='ltr'><strong>venimus,</strong></span> <span class='ocrx_word' id='word_1_211' title='bbox 651 2493 685 2540; x_wconf 93' lang='lat' dir='ltr'><strong>ut</strong></span> <span class='ocrx_word' id='word_1_212' title='bbox 711 2489 809 2541; x_wconf 89' lang='lat' dir='ltr'><strong>totam</strong></span> <span class='ocrx_word' id='word_1_213' title='bbox 837 2478 920 2540; x_wconf 91' lang='lat' dir='ltr'><strong>litem</strong></span> <span class='ocrx_word' id='word_1_214' title='bbox 950 2491 1001 2540; x_wconf 88' lang='lat' dir='ltr'><strong>aut</strong></span> <span class='ocrx_word' id='word_1_215' title='bbox 1027 2479 1225 2541; x_wconf 85' lang='lat' dir='ltr'><strong>obtineamus</strong></span> <span class='ocrx_word' id='word_1_216' title='bbox 1252 2491 1309 2541; x_wconf 78' lang='lat' dir='ltr'><strong>aaut</strong></span> <span class='ocrx_word' id='word_1_217' title='bbox 1339 2482 1456 2544; x_wconf 85' lang='lat' dir='ltr'><strong>amitta-</strong></span> 
     </span>
     <span class='ocr_line' id='line_1_24' title="bbox 135 2573 1453 2656; baseline 0 -19"><span class='ocrx_word' id='word_1_218' title='bbox 135 2597 219 2647; x_wconf 82' lang='lat' dir='ltr'><strong>mus3</strong></span> <span class='ocrx_word' id='word_1_219' title='bbox 243 2577 283 2636; x_wconf 87' lang='lat' dir='ltr'><strong>ad</strong></span> <span class='ocrx_word' id='word_1_220' title='bbox 305 2574 521 2636; x_wconf 84' lang='lat' dir='ltr'><strong>arbitrium</strong></span> <span class='ocrx_word' id='word_1_221' title='bbox 546 2575 608 2635; x_wconf 90' lang='lat' dir='ltr'><strong>boc</strong></span> <span class='ocrx_word' id='word_1_222' title='bbox 626 2573 730 2635; x_wconf 85' lang='lat' dir='ltr'><strong>animo</strong></span> <span class='ocrx_word' id='word_1_223' title='bbox 754 2573 894 2645; x_wconf 88' lang='lat' dir='ltr'><strong>adimus,</strong></span> <span class='ocrx_word' id='word_1_224' title='bbox 920 2585 953 2633; x_wconf 93' lang='lat' dir='ltr'><strong>ut</strong></span> <span class='ocrx_word' id='word_1_225' title='bbox 976 2595 1079 2656; x_wconf 84' lang='lat' dir='ltr'><strong>neque</strong></span> <span class='ocrx_word' id='word_1_226' title='bbox 1100 2573 1175 2634; x_wconf 91' lang='lat' dir='ltr'><strong>nibil</strong></span> <span class='ocrx_word' id='word_1_227' title='bbox 1200 2595 1305 2656; x_wconf 86' lang='lat' dir='ltr'><strong>neque</strong></span> <span class='ocrx_word' id='word_1_228' title='bbox 1327 2587 1453 2652; x_wconf 87' lang='lat' dir='ltr'><strong>tantum,</strong></span> 
     </span>
     <span class='ocr_line' id='line_1_25' title="bbox 136 2667 1394 2752; baseline 0.002 -21"><span class='ocrx_word' id='word_1_229' title='bbox 136 2680 284 2752; x_wconf 87' lang='lat' dir='ltr'><strong>quantum</strong></span> <span class='ocrx_word' id='word_1_230' title='bbox 309 2668 558 2750; x_wconf 84' lang='lat' dir='ltr'><strong>postulavimus,</strong></span> <span class='ocrx_word' id='word_1_231' title='bbox 583 2688 828 2750; x_wconf 86' lang='lat' dir='ltr'><strong>consequamur.</strong></span> <span class='ocrx_word' id='word_1_232' title='bbox 863 2688 923 2748; x_wconf 87' lang='lat' dir='ltr'><strong>pro</strong></span> <span class='ocrx_word' id='word_1_233' title='bbox 947 2667 1069 2730; x_wconf 87' lang='lat' dir='ltr'><strong>Roscio</strong></span> <span class='ocrx_word' id='word_1_234' title='bbox 1093 2670 1250 2732; x_wconf 89' lang='lat' dir='ltr'><strong>comoedo</strong></span> <span class='ocrx_word' id='word_1_235' title='bbox 1274 2672 1313 2748; x_wconf 83' lang='grc'><strong>1,</strong></span> <span class='ocrx_word' id='word_1_236' title='bbox 1341 2674 1394 2733; x_wconf 93' lang='grc'><strong>10.</strong></span> 
     </span>
    </p>

    <p class='ocr_par' dir='ltr' id='par_1_6' title="bbox 221 2761 1077 2840">
     <span class='ocr_line' id='line_1_26' title="bbox 221 2761 1077 2840; baseline -0.002 -16"><span class='ocrx_word' id='word_1_237' title='bbox 221 2763 419 2825; x_wconf 89' lang='lat' dir='ltr'><strong>Iudicium</strong></span> <span class='ocrx_word' id='word_1_238' title='bbox 443 2763 644 2840; x_wconf 87' lang='lat' dir='ltr'><strong>accipere.</strong></span> <span class='ocrx_word' id='word_1_239' title='bbox 679 2783 741 2840; x_wconf 89' lang='lat' dir='ltr'><strong>pro</strong></span> <span class='ocrx_word' id='word_1_240' title='bbox 766 2761 915 2838; x_wconf 80' lang='lat' dir='ltr'><strong>Quinctio</strong></span> <span class='ocrx_word' id='word_1_241' title='bbox 940 2761 998 2836; x_wconf 83' lang='grc'><strong>20,</strong></span> <span class='ocrx_word' id='word_1_242' title='bbox 1023 2762 1077 2822; x_wconf 90' lang='grc'><strong>82.</strong></span> 
     </span>
    </p>

    <p class='ocr_par' dir='ltr' id='par_1_7' title="bbox 137 2854 1458 3117">
     <span class='ocr_line' id='line_1_27' title="bbox 222 2854 1455 2939; baseline -0.001 -19"><span class='ocrx_word' id='word_1_243' title='bbox 222 2855 423 2920; x_wconf 89' lang='lat' dir='ltr'><strong>Iudicium</strong></span> <span class='ocrx_word' id='word_1_244' title='bbox 454 2859 497 2919; x_wconf 88' lang='lat' dir='ltr'><strong>de</strong></span> <span class='ocrx_word' id='word_1_245' title='bbox 520 2855 613 2916; x_wconf 88' lang='lat' dir='ltr'><strong>dolo</strong></span> <span class='ocrx_word' id='word_1_246' title='bbox 639 2857 737 2918; x_wconf 90' lang='lat' dir='ltr'><strong>malo</strong></span> <span class='ocrx_word' id='word_1_247' title='bbox 763 2854 804 2921; x_wconf 86' lang='lat' dir='ltr'><strong>C.</strong></span> <span class='ocrx_word' id='word_1_248' title='bbox 830 2855 989 2939; x_wconf 85' lang='lat' dir='ltr'><strong>Aquillius</strong></span> <span class='ocrx_word' id='word_1_249' title='bbox 1005 2855 1165 2936; x_wconf 82' lang='lat' dir='ltr'><strong>protulit:</strong></span> <span class='ocrx_word' id='word_1_250' title='bbox 1201 2879 1297 2939; x_wconf 83' lang='lat' dir='ltr'><strong>qtrcm</strong></span> <span class='ocrx_word' id='word_1_251' title='bbox 1329 2860 1455 2922; x_wconf 82' lang='lat' dir='ltr'><strong>dolum</strong></span> 
     </span>
     <span class='ocr_line' id='line_1_28' title="bbox 137 2949 1458 3031; baseline 0.005 -21"><span class='ocrx_word' id='word_1_252' title='bbox 137 2949 216 3011; x_wconf 90' lang='lat' dir='ltr'><strong>idem</strong></span> <span class='ocrx_word' id='word_1_253' title='bbox 241 2961 304 3008; x_wconf 91' lang='lat' dir='ltr'><strong>tum</strong></span> <span class='ocrx_word' id='word_1_254' title='bbox 329 2951 460 3012; x_wconf 88' lang='lat' dir='ltr'><strong>teneri</strong></span> <span class='ocrx_word' id='word_1_255' title='bbox 487 2960 595 3031; x_wconf 89' lang='lat' dir='ltr'><strong>putat,</strong></span> <span class='ocrx_word' id='word_1_256' title='bbox 621 2970 690 3010; x_wconf 90' lang='lat' dir='ltr'><strong>cum</strong></span> <span class='ocrx_word' id='word_1_257' title='bbox 714 2950 797 3010; x_wconf 90' lang='lat' dir='ltr'><strong>aliud</strong></span> <span class='ocrx_word' id='word_1_258' title='bbox 818 2950 858 3010; x_wconf 88' lang='lat' dir='ltr'><strong>sit</strong></span> <span class='ocrx_word' id='word_1_259' title='bbox 881 2949 1075 3023; x_wconf 90' lang='lat' dir='ltr'><strong>simulatum,</strong></span> <span class='ocrx_word' id='word_1_260' title='bbox 1101 2950 1183 3012; x_wconf 90' lang='lat' dir='ltr'><strong>aliud</strong></span> <span class='ocrx_word' id='word_1_261' title='bbox 1204 2965 1324 3016; x_wconf 89' lang='lat' dir='ltr'><strong>actum.</strong></span> <span class='ocrx_word' id='word_1_262' title='bbox 1358 2954 1458 3017; x_wconf 81' lang='lat' dir='ltr'><strong>dett.</strong></span> 
     </span>
     <span class='ocr_line' id='line_1_29' title="bbox 137 3042 405 3117; baseline -0.015 -10"><span class='ocrx_word' id='word_1_263' title='bbox 137 3042 181 3107; x_wconf 86' lang='lat' dir='ltr'><strong>D.</strong></span> <span class='ocrx_word' id='word_1_264' title='bbox 203 3043 238 3117; x_wconf 93' lang='grc'><strong>3,</strong></span> <span class='ocrx_word' id='word_1_265' title='bbox 262 3043 323 3117; x_wconf 87' lang='grc'><strong>30,</strong></span> <span class='ocrx_word' id='word_1_266' title='bbox 353 3045 405 3104; x_wconf 77' lang='lat' dir='ltr'><strong>tl.</strong></span> 
     </span>
    </p>

    <p class='ocr_par' dir='ltr' id='par_1_8' title="bbox 222 3136 1241 3220">
     <span class='ocr_line' id='line_1_30' title="bbox 222 3136 1241 3220; baseline 0.001 -20"><span class='ocrx_word' id='word_1_267' title='bbox 222 3136 418 3200; x_wconf 87' lang='lat' dir='ltr'><strong>Iudicium</strong></span> <span class='ocrx_word' id='word_1_268' title='bbox 441 3157 649 3199; x_wconf 83' lang='lat' dir='ltr'><strong>exercere.</strong></span> <span class='ocrx_word' id='word_1_269' title='bbox 683 3139 805 3198; x_wconf 87' lang='lat' dir='ltr'><strong>Ascon.</strong></span> <span class='ocrx_word' id='word_1_270' title='bbox 831 3137 860 3197; x_wconf 90' lang='lat' dir='ltr'><strong>in</strong></span> <span class='ocrx_word' id='word_1_271' title='bbox 885 3139 995 3199; x_wconf 84' lang='lat' dir='ltr'><strong>Scaur.</strong></span> <span class='ocrx_word' id='word_1_272' title='bbox 1021 3163 1052 3220; x_wconf 90' lang='lat' dir='ltr'><strong>p.</strong></span> <span class='ocrx_word' id='word_1_273' title='bbox 1077 3139 1129 3200; x_wconf 87' lang='grc'><strong>30.</strong></span> <span class='ocrx_word' id='word_1_274' title='bbox 1156 3138 1241 3202; x_wconf 86' lang='lat' dir='ltr'><strong>Bait.</strong></span> 
     </span>
    </p>

    <p class='ocr_par' dir='ltr' id='par_1_9' title="bbox 136 3229 1460 3407">
     <span class='ocr_line' id='line_1_31' title="bbox 220 3229 1460 3312; baseline 0.006 -18"><span class='ocrx_word' id='word_1_275' title='bbox 220 3229 416 3294; x_wconf 72' lang='lat' dir='ltr'><strong>Iudicium</strong></span> <span class='ocrx_word' id='word_1_276' title='bbox 449 3230 486 3290; x_wconf 93' lang='lat' dir='ltr'><strong>in</strong></span> <span class='ocrx_word' id='word_1_277' title='bbox 523 3232 727 3311; x_wconf 89' lang='lat' dir='ltr'><strong>octuplum</strong></span> <span class='ocrx_word' id='word_1_278' title='bbox 763 3233 868 3293; x_wconf 89' lang='lat' dir='ltr'><strong>dare.</strong></span> <span class='ocrx_word' id='word_1_279' title='bbox 916 3232 1013 3297; x_wconf 92' lang='lat' dir='ltr'><strong>Verr.</strong></span> <span class='ocrx_word' id='word_1_280' title='bbox 1040 3235 1160 3296; x_wconf 79' lang='lat' dir='ltr'><strong>Aecus.</strong></span> <span class='ocrx_word' id='word_1_281' title='bbox 1185 3236 1223 3310; x_wconf 95' lang='grc'><strong>3,</strong></span> <span class='ocrx_word' id='word_1_282' title='bbox 1253 3239 1311 3312; x_wconf 90' lang='grc'><strong>10,</strong></span> <span class='ocrx_word' id='word_1_283' title='bbox 1339 3238 1394 3300; x_wconf 87' lang='grc'><strong>26.</strong></span> <span class='ocrx_word' id='word_1_284' title='bbox 1425 3273 1460 3284; x_wconf 90' lang='grc'>-</span> 
     </span>
     <span class='ocr_line' id='line_1_32' title="bbox 136 3325 773 3407; baseline -0.003 -20"><span class='ocrx_word' id='word_1_285' title='bbox 136 3325 183 3387; x_wconf 87' lang='lat' dir='ltr'><strong>Iu</strong></span> <span class='ocrx_word' id='word_1_286' title='bbox 205 3326 484 3407; x_wconf 89' lang='lat' dir='ltr'><strong>quadruplum.</strong></span> <span class='ocrx_word' id='word_1_287' title='bbox 529 3325 612 3387; x_wconf 91' lang='lat' dir='ltr'><strong>lbid.</strong></span> <span class='ocrx_word' id='word_1_288' title='bbox 639 3326 695 3398; x_wconf 87' lang='grc'><strong>13,</strong></span> <span class='ocrx_word' id='word_1_289' title='bbox 721 3327 773 3387; x_wconf 87' lang='grc'><strong>31.</strong></span> 
     </span>
    </p>

    <p class='ocr_par' dir='ltr' id='par_1_10' title="bbox 137 3417 1459 3692">
     <span class='ocr_line' id='line_1_33' title="bbox 223 3417 1459 3505; baseline 0.008 -24"><span class='ocrx_word' id='word_1_290' title='bbox 223 3417 420 3482; x_wconf 86' lang='lat' dir='ltr'><strong>Iudicium</strong></span> <span class='ocrx_word' id='word_1_291' title='bbox 451 3420 667 3498; x_wconf 86' lang='lat' dir='ltr'><strong>postulare</strong></span> <span class='ocrx_word' id='word_1_292' title='bbox 700 3440 715 3479; x_wconf 89' lang='lat' dir='ltr'><strong>a</strong></span> <span class='ocrx_word' id='word_1_293' title='bbox 743 3433 905 3500; x_wconf 89' lang='lat' dir='ltr'><strong>praetore.</strong></span> <span class='ocrx_word' id='word_1_294' title='bbox 950 3422 987 3482; x_wconf 87' lang='lat' dir='ltr'><strong>ln</strong></span> <span class='ocrx_word' id='word_1_295' title='bbox 1015 3443 1082 3484; x_wconf 92' lang='lat' dir='ltr'><strong>eum</strong></span> <span class='ocrx_word' id='word_1_296' title='bbox 1107 3422 1295 3485; x_wconf 88' lang='lat' dir='ltr'><strong>iudicium</strong></span> <span class='ocrx_word' id='word_1_297' title='bbox 1320 3428 1361 3490; x_wconf 80' lang='lat' dir='ltr'><strong>ele</strong></span> <span class='ocrx_word' id='word_1_298' title='bbox 1390 3446 1459 3505; x_wconf 82' lang='lat' dir='ltr'><strong>pos·</strong></span> 
     </span>
     <span class='ocr_line' id='line_1_34' title="bbox 138 3512 1455 3595; baseline 0.002 -19"><span class='ocrx_word' id='word_1_299' title='bbox 138 3512 280 3576; x_wconf 88' lang='lat' dir='ltr'><strong>sessione</strong></span> <span class='ocrx_word' id='word_1_300' title='bbox 306 3513 448 3595; x_wconf 87' lang='lat' dir='ltr'><strong>iugerum</strong></span> <span class='ocrx_word' id='word_1_301' title='bbox 474 3515 773 3593; x_wconf 86' lang='lat' dir='ltr'><strong>postulabatur.</strong></span> <span class='ocrx_word' id='word_1_302' title='bbox 820 3515 920 3576; x_wconf 89' lang='lat' dir='ltr'><strong>Verr.</strong></span> <span class='ocrx_word' id='word_1_303' title='bbox 945 3518 1065 3578; x_wconf 85' lang='lat' dir='ltr'><strong>Aecus.</strong></span> <span class='ocrx_word' id='word_1_304' title='bbox 1090 3519 1127 3591; x_wconf 95' lang='grc'><strong>3,</strong></span> <span class='ocrx_word' id='word_1_305' title='bbox 1153 3521 1209 3590; x_wconf 85' lang='grc'><strong>15,</strong></span> <span class='ocrx_word' id='word_1_306' title='bbox 1235 3519 1289 3581; x_wconf 83' lang='grc'><strong>39.</strong></span> <span class='ocrx_word' id='word_1_307' title='bbox 1319 3555 1360 3568; x_wconf 89' lang='grc'>-</span> <span class='ocrx_word' id='word_1_308' title='bbox 1385 3519 1455 3586; x_wconf 82' lang='lat' dir='ltr'><strong>Cum</strong></span> 
     </span>
     <span class='ocr_line' id='line_1_35' title="bbox 137 3607 1419 3692; baseline 0.006 -23"><span class='ocrx_word' id='word_1_309' title='bbox 137 3617 219 3671; x_wconf 86' lang='lat' dir='ltr'><strong>esset</strong></span> <span class='ocrx_word' id='word_1_310' title='bbox 239 3609 421 3679; x_wconf 80' lang='lat' dir='ltr'><strong>damnatus,</strong></span> <span class='ocrx_word' id='word_1_311' title='bbox 447 3620 514 3669; x_wconf 89' lang='lat' dir='ltr'><strong>erat</strong></span> <span class='ocrx_word' id='word_1_312' title='bbox 537 3607 728 3669; x_wconf 89' lang='lat' dir='ltr'><strong>iudicium</strong></span> <span class='ocrx_word' id='word_1_313' title='bbox 751 3610 1052 3688; x_wconf 88' lang='lat' dir='ltr'><strong>postulaturus.</strong></span> <span class='ocrx_word' id='word_1_314' title='bbox 1084 3615 1121 3672; x_wconf 86' lang='lat' dir='ltr'><strong>ad</strong></span> <span class='ocrx_word' id='word_1_315' title='bbox 1147 3615 1215 3674; x_wconf 78' lang='lat' dir='ltr'><strong>Att.</strong></span> <span class='ocrx_word' id='word_1_316' title='bbox 1241 3613 1276 3686; x_wconf 90' lang='grc'><strong>2,</strong></span> <span class='ocrx_word' id='word_1_317' title='bbox 1304 3614 1366 3692; x_wconf 86' lang='grc'><strong>21,</strong></span> <span class='ocrx_word' id='word_1_318' title='bbox 1392 3618 1419 3676; x_wconf 84' lang='grc'><strong>1.</strong></span> 
     </span>
    </p>

    <p class='ocr_par' dir='ltr' id='par_1_11' title="bbox 138 3700 1457 3868">
     <span class='ocr_line' id='line_1_36' title="bbox 223 3700 1457 3787; baseline 0.005 -25"><span class='ocrx_word' id='word_1_319' title='bbox 223 3700 414 3763; x_wconf 88' lang='lat' dir='ltr'><strong>Iudicium</strong></span> <span class='ocrx_word' id='word_1_320' title='bbox 446 3704 738 3785; x_wconf 88' lang='lat' dir='ltr'><strong>publicumrei</strong></span> <span class='ocrx_word' id='word_1_321' title='bbox 767 3703 958 3783; x_wconf 83' lang='lat' dir='ltr'><strong>privatae</strong></span> <span class='ocrx_word' id='word_1_322' title='bbox 989 3703 1060 3787; x_wconf 84' lang='lat' dir='ltr'><strong>lege</strong></span> <span class='ocrx_word' id='word_1_323' title='bbox 1092 3704 1265 3769; x_wconf 89' lang='lat' dir='ltr'><strong>Plaetoria.</strong></span> <span class='ocrx_word' id='word_1_324' title='bbox 1316 3712 1356 3771; x_wconf 89' lang='lat' dir='ltr'><strong>de</strong></span> <span class='ocrx_word' id='word_1_325' title='bbox 1389 3710 1457 3773; x_wconf 82' lang='lat' dir='ltr'><strong>Nat.</strong></span> 
     </span>
     <span class='ocr_line' id='line_1_37' title="bbox 138 3795 466 3868; baseline -0.012 -8"><span class='ocrx_word' id='word_1_326' title='bbox 138 3796 242 3860; x_wconf 88' lang='lat' dir='ltr'><strong>Deor.</strong></span> <span class='ocrx_word' id='word_1_327' title='bbox 266 3795 304 3866; x_wconf 91' lang='grc'><strong>3,</strong></span> <span class='ocrx_word' id='word_1_328' title='bbox 330 3795 388 3868; x_wconf 87' lang='grc'><strong>30,</strong></span> <span class='ocrx_word' id='word_1_329' title='bbox 414 3797 466 3856; x_wconf 82' lang='grc'><strong>71.</strong></span> 
     </span>
    </p>

    <p class='ocr_par' dir='ltr' id='par_1_12' title="bbox 222 3889 1336 3972">
     <span class='ocr_line' id='line_1_38' title="bbox 222 3889 1336 3972; baseline 0.006 -21"><span class='ocrx_word' id='word_1_330' title='bbox 222 3889 420 3952; x_wconf 90' lang='lat' dir='ltr'><strong>Indicium</strong></span> <span class='ocrx_word' id='word_1_331' title='bbox 443 3891 813 3972; x_wconf 88' lang='lat' dir='ltr'><strong>recuperatorium.</strong></span> <span class='ocrx_word' id='word_1_332' title='bbox 859 3894 961 3953; x_wconf 89' lang='lat' dir='ltr'><strong>Vcrr.</strong></span> <span class='ocrx_word' id='word_1_333' title='bbox 987 3895 1105 3955; x_wconf 85' lang='lat' dir='ltr'><strong>Aecus.</strong></span> <span class='ocrx_word' id='word_1_334' title='bbox 1131 3892 1167 3966; x_wconf 90' lang='grc'><strong>3,</strong></span> <span class='ocrx_word' id='word_1_335' title='bbox 1197 3895 1252 3965; x_wconf 90' lang='grc'><strong>11,</strong></span> <span class='ocrx_word' id='word_1_336' title='bbox 1280 3894 1336 3958; x_wconf 84' lang='grc'><strong>27.</strong></span> 
     </span>
    </p>

    <p class='ocr_par' dir='ltr' id='par_1_13' title="bbox 138 3982 1465 4442">
     <span class='ocr_line' id='line_1_39' title="bbox 223 3982 1463 4074; baseline 0.006 -28"><span class='ocrx_word' id='word_1_337' title='bbox 223 3982 382 4046; x_wconf 89' lang='lat' dir='ltr'><strong>ludiciu</strong></span> <span class='ocrx_word' id='word_1_338' title='bbox 394 4007 419 4042; x_wconf 91' lang='lat' dir='ltr'><strong>m</strong></span> <span class='ocrx_word' id='word_1_339' title='bbox 444 3996 575 4064; x_wconf 89' lang='lat' dir='ltr'><strong>turpe.</strong></span> <span class='ocrx_word' id='word_1_340' title='bbox 623 3988 717 4062; x_wconf 85' lang='lat' dir='ltr'><strong>Quod</strong></span> <span class='ocrx_word' id='word_1_341' title='bbox 742 3987 767 4046; x_wconf 86' lang='lat' dir='ltr'><strong>si</strong></span> <span class='ocrx_word' id='word_1_342' title='bbox 798 3987 1028 4048; x_wconf 85' lang='lat' dir='ltr'><strong>animadversio</strong></span> <span class='ocrx_word' id='word_1_343' title='bbox 1057 3987 1198 4049; x_wconf 86' lang='lat' dir='ltr'><strong>censoria</strong></span> <span class='ocrx_word' id='word_1_344' title='bbox 1227 3989 1380 4053; x_wconf 89' lang='lat' dir='ltr'><strong>iudicium</strong></span> <span class='ocrx_word' id='word_1_345' title='bbox 1406 4012 1463 4074; x_wconf 86' lang='lat' dir='ltr'><strong>pn·</strong></span> 
     </span>
     <span class='ocr_line' id='line_1_40' title="bbox 139 4078 1463 4163; baseline 0.005 -24"><span class='ocrx_word' id='word_1_346' title='bbox 139 4087 279 4150; x_wconf 78' lang='lat' dir='ltr'><strong>tacetur,</strong></span> <span class='ocrx_word' id='word_1_347' title='bbox 304 4089 339 4139; x_wconf 92' lang='lat' dir='ltr'><strong>ut</strong></span> <span class='ocrx_word' id='word_1_348' title='bbox 360 4079 457 4138; x_wconf 90' lang='lat' dir='ltr'><strong>ceteri</strong></span> <span class='ocrx_word' id='word_1_349' title='bbox 479 4078 590 4159; x_wconf 88' lang='lat' dir='ltr'><strong>turpi</strong></span> <span class='ocrx_word' id='word_1_350' title='bbox 615 4079 767 4140; x_wconf 87' lang='lat' dir='ltr'><strong>iudicio</strong></span> <span class='ocrx_word' id='word_1_351' title='bbox 791 4079 927 4140; x_wconf 80' lang='lat' dir='ltr'><strong>dairmati</strong></span> <span class='ocrx_word' id='word_1_352' title='bbox 951 4080 981 4141; x_wconf 88' lang='lat' dir='ltr'><strong>iu</strong></span> <span class='ocrx_word' id='word_1_353' title='bbox 1008 4093 1195 4160; x_wconf 86' lang='lat' dir='ltr'><strong>perpetuum</strong></span> <span class='ocrx_word' id='word_1_354' title='bbox 1224 4081 1314 4145; x_wconf 91' lang='lat' dir='ltr'><strong>omni</strong></span> <span class='ocrx_word' id='word_1_355' title='bbox 1342 4087 1463 4163; x_wconf 78' lang='lat' dir='ltr'><strong>bonore</strong></span> 
     </span>
     <span class='ocr_line' id='line_1_41' title="bbox 140 4171 1465 4263; baseline 0.005 -30"><span class='ocrx_word' id='word_1_356' title='bbox 140 4192 176 4233; x_wconf 87' lang='lat' dir='ltr'><strong>ac</strong></span> <span class='ocrx_word' id='word_1_357' title='bbox 202 4171 352 4250; x_wconf 74' lang='lat' dir='ltr'><strong>dignitate</strong></span> <span class='ocrx_word' id='word_1_358' title='bbox 380 4174 564 4252; x_wconf 87' lang='lat' dir='ltr'><strong>privantur,</strong></span> <span class='ocrx_word' id='word_1_359' title='bbox 590 4173 636 4233; x_wconf 91' lang='lat' dir='ltr'><strong>sic</strong></span> <span class='ocrx_word' id='word_1_360' title='bbox 662 4173 840 4233; x_wconf 88' lang='lat' dir='ltr'><strong>homiuibus</strong></span> <span class='ocrx_word' id='word_1_361' title='bbox 863 4173 1085 4253; x_wconf 75' lang='lat' dir='ltr'><strong>ignominia</strong></span> <span class='ocrx_word' id='word_1_362' title='bbox 1110 4175 1266 4237; x_wconf 88' lang='lat' dir='ltr'><strong>notatis</strong></span> <span class='ocrx_word' id='word_1_363' title='bbox 1291 4199 1399 4263; x_wconf 72' lang='lat' dir='ltr'><strong>nequae</strong></span> <span class='ocrx_word' id='word_1_364' title='bbox 1425 4182 1465 4240; x_wconf 84' lang='lat' dir='ltr'><strong>ad</strong></span> 
     </span>
     <span class='ocr_line' id='line_1_42' title="bbox 138 4265 1465 4348; baseline 0.006 -24"><span class='ocrx_word' id='word_1_365' title='bbox 138 4266 335 4327; x_wconf 88' lang='lat' dir='ltr'><strong>bonorem</strong></span> <span class='ocrx_word' id='word_1_366' title='bbox 368 4266 497 4329; x_wconf 87' lang='lat' dir='ltr'><strong>aditus</strong></span> <span class='ocrx_word' id='word_1_367' title='bbox 527 4288 627 4348; x_wconf 80' lang='lat' dir='ltr'><strong>neque</strong></span> <span class='ocrx_word' id='word_1_368' title='bbox 657 4265 693 4326; x_wconf 93' lang='lat' dir='ltr'><strong>in</strong></span> <span class='ocrx_word' id='word_1_369' title='bbox 725 4268 872 4328; x_wconf 69' lang='lat' dir='ltr'><strong>citriam</strong></span> <span class='ocrx_word' id='word_1_370' title='bbox 904 4269 1064 4328; x_wconf 86' lang='lat' dir='ltr'><strong>reditus</strong></span> <span class='ocrx_word' id='word_1_371' title='bbox 1096 4279 1189 4328; x_wconf 85' lang='lat' dir='ltr'><strong>esset.</strong></span> <span class='ocrx_word' id='word_1_372' title='bbox 1229 4291 1291 4348; x_wconf 89' lang='lat' dir='ltr'><strong>pro</strong></span> <span class='ocrx_word' id='word_1_373' title='bbox 1318 4272 1465 4337; x_wconf 83' lang='lat' dir='ltr'><strong>Cluentio</strong></span> 
     </span>
     <span class='ocr_line' id='line_1_43' title="bbox 142 4358 1368 4442; baseline 0.008 -26"><span class='ocrx_word' id='word_1_374' title='bbox 142 4358 297 4431; x_wconf 85' lang='grc'><strong>12,119.</strong></span> <span class='ocrx_word' id='word_1_375' title='bbox 324 4394 361 4404; x_wconf 85' lang='lat'><em>-</em></span> <span class='ocrx_word' id='word_1_376' title='bbox 386 4361 545 4422; x_wconf 86' lang='lat' dir='ltr'><strong>Iudicio</strong></span> <span class='ocrx_word' id='word_1_377' title='bbox 568 4362 676 4440; x_wconf 85' lang='lat' dir='ltr'><strong>turpi</strong></span> <span class='ocrx_word' id='word_1_378' title='bbox 699 4361 926 4423; x_wconf 84' lang='lat' dir='ltr'><strong>convietus.</strong></span> <span class='ocrx_word' id='word_1_379' title='bbox 966 4383 1026 4442; x_wconf 89' lang='lat' dir='ltr'><strong>pro</strong></span> <span class='ocrx_word' id='word_1_380' title='bbox 1052 4361 1200 4440; x_wconf 89' lang='lat' dir='ltr'><strong>Quinctio</strong></span> <span class='ocrx_word' id='word_1_381' title='bbox 1227 4364 1285 4437; x_wconf 84' lang='lat'><strong>15,</strong></span> <span class='ocrx_word' id='word_1_382' title='bbox 1315 4367 1368 4429; x_wconf 72' lang='lat' dir='ltr'><strong>tlt.</strong></span> 
     </span>
    </p>

    <p class='ocr_par' dir='ltr' id='par_1_14' title="bbox 140 4454 1467 4631">
     <span class='ocr_line' id='line_1_44' title="bbox 225 4454 1467 4539; baseline 0.004 -25"><span class='ocrx_word' id='word_1_383' title='bbox 225 4454 324 4536; x_wconf 78' lang='lat' dir='ltr'><strong>luge</strong></span> <span class='ocrx_word' id='word_1_384' title='bbox 356 4455 594 4535; x_wconf 87' lang='lat' dir='ltr'><strong>auspicium.</strong></span> <span class='ocrx_word' id='word_1_385' title='bbox 640 4457 709 4517; x_wconf 86' lang='lat' dir='ltr'><strong>Nos</strong></span> <span class='ocrx_word' id='word_1_386' title='bbox 731 4478 867 4538; x_wconf 71' lang='lat' dir='ltr'><strong>aargurrs</strong></span> <span class='ocrx_word' id='word_1_387' title='bbox 894 4456 1125 4536; x_wconf 87' lang='lat' dir='ltr'><strong>praecipimus,</strong></span> <span class='ocrx_word' id='word_1_388' title='bbox 1160 4478 1198 4515; x_wconf 91' lang='lat' dir='ltr'><strong>ue</strong></span> <span class='ocrx_word' id='word_1_389' title='bbox 1221 4456 1318 4538; x_wconf 78' lang='lat' dir='ltr'><strong>iugc</strong></span> <span class='ocrx_word' id='word_1_390' title='bbox 1342 4457 1467 4539; x_wconf 77' lang='lat' dir='ltr'><strong>aruspi-</strong></span> 
     </span>
     <span class='ocr_line' id='line_1_45' title="bbox 140 4542 1466 4631; baseline 0.007 -28"><span class='ocrx_word' id='word_1_391' title='bbox 140 4542 244 4605; x_wconf 90' lang='lat' dir='ltr'><strong>cium</strong></span> <span class='ocrx_word' id='word_1_392' title='bbox 268 4549 432 4622; x_wconf 85' lang='lat' dir='ltr'><strong>obveniat,</strong></span> <span class='ocrx_word' id='word_1_393' title='bbox 457 4562 491 4610; x_wconf 92' lang='lat' dir='ltr'><strong>ut</strong></span> <span class='ocrx_word' id='word_1_394' title='bbox 515 4551 648 4613; x_wconf 81' lang='lat' dir='ltr'><strong>iutueuta</strong></span> <span class='ocrx_word' id='word_1_395' title='bbox 672 4550 798 4610; x_wconf 87' lang='lat' dir='ltr'><strong>iubeant</strong></span> <span class='ocrx_word' id='word_1_396' title='bbox 825 4550 1001 4631; x_wconf 77' lang='lat' dir='ltr'><strong>diiungere.</strong></span> <span class='ocrx_word' id='word_1_397' title='bbox 1033 4553 1070 4610; x_wconf 86' lang='lat' dir='ltr'><strong>dc</strong></span> <span class='ocrx_word' id='word_1_398' title='bbox 1095 4549 1239 4611; x_wconf 86' lang='lat' dir='ltr'><strong>Divinat.</strong></span> <span class='ocrx_word' id='word_1_399' title='bbox 1263 4552 1304 4624; x_wconf 94' lang='grc'><strong>2,</strong></span> <span class='ocrx_word' id='word_1_400' title='bbox 1330 4553 1391 4627; x_wconf 86' lang='grc'><strong>30,</strong></span> <span class='ocrx_word' id='word_1_401' title='bbox 1417 4556 1466 4614; x_wconf 69' lang='lat' dir='ltr'><strong>tt.</strong></span> 
     </span>
    </p>

    <p class='ocr_par' dir='ltr' id='par_1_15' title="bbox 141 4641 1465 4913">
     <span class='ocr_line' id='line_1_46' title="bbox 228 4641 1465 4725; baseline 0.007 -26"><span class='ocrx_word' id='word_1_402' title='bbox 228 4641 432 4723; x_wconf 86' lang='lat' dir='ltr'><strong>Iuppiter.</strong></span> <span class='ocrx_word' id='word_1_403' title='bbox 479 4644 513 4705; x_wconf 90' lang='lat' dir='ltr'><strong>Iu</strong></span> <span class='ocrx_word' id='word_1_404' title='bbox 542 4666 695 4725; x_wconf 80' lang='lat' dir='ltr'><strong>atigurum</strong></span> <span class='ocrx_word' id='word_1_405' title='bbox 723 4645 954 4705; x_wconf 87' lang='lat' dir='ltr'><strong>commentariis</strong></span> <span class='ocrx_word' id='word_1_406' title='bbox 981 4644 1132 4724; x_wconf 82' lang='lat' dir='ltr'><strong>seriptum</strong></span> <span class='ocrx_word' id='word_1_407' title='bbox 1161 4645 1334 4708; x_wconf 86' lang='lat' dir='ltr'><strong>babemus:</strong></span> <span class='ocrx_word' id='word_1_408' title='bbox 1370 4648 1465 4710; x_wconf 81' lang='lat' dir='ltr'><strong>Iove</strong></span> 
     </span>
     <span class='ocr_line' id='line_1_47' title="bbox 141 4731 1463 4819; baseline 0.005 -26"><span class='ocrx_word' id='word_1_409' title='bbox 141 4731 309 4797; x_wconf 79' lang='lat' dir='ltr'><strong>ronanrt</strong></span> <span class='ocrx_word' id='word_1_410' title='bbox 331 4736 569 4818; x_wconf 82' lang='lat' dir='ltr'><strong>fulgurante</strong></span> <span class='ocrx_word' id='word_1_411' title='bbox 593 4737 754 4801; x_wconf 85' lang='lat' dir='ltr'><strong>comitia</strong></span> <span class='ocrx_word' id='word_1_412' title='bbox 777 4737 918 4819; x_wconf 91' lang='lat' dir='ltr'><strong>populi</strong></span> <span class='ocrx_word' id='word_1_413' title='bbox 942 4739 1087 4800; x_wconf 80' lang='lat' dir='ltr'><strong>habero</strong></span> <span class='ocrx_word' id='word_1_414' title='bbox 1109 4737 1234 4800; x_wconf 81' lang='lat' dir='ltr'><strong>nefas.</strong></span> <span class='ocrx_word' id='word_1_415' title='bbox 1260 4741 1299 4800; x_wconf 80' lang='lat' dir='ltr'><strong>ele</strong></span> <span class='ocrx_word' id='word_1_416' title='bbox 1321 4740 1463 4803; x_wconf 89' lang='lat' dir='ltr'><strong>Divinat.</strong></span> 
     </span>
     <span class='ocr_line' id='line_1_48' title="bbox 142 4826 1462 4913; baseline 0.005 -24"><span class='ocrx_word' id='word_1_417' title='bbox 142 4826 176 4905; x_wconf 88' lang='grc'><strong>2,</strong></span> <span class='ocrx_word' id='word_1_418' title='bbox 205 4827 341 4904; x_wconf 86' lang='grc'><strong>18,13.</strong></span> <span class='ocrx_word' id='word_1_419' title='bbox 370 4860 410 4872; x_wconf 93' lang='grc'><strong>-</strong></span> <span class='ocrx_word' id='word_1_420' title='bbox 442 4833 596 4911; x_wconf 79' lang='lat' dir='ltr'><strong>Arrgures</strong></span> <span class='ocrx_word' id='word_1_421' title='bbox 619 4850 727 4894; x_wconf 82' lang='lat' dir='ltr'><strong>ornnes</strong></span> <span class='ocrx_word' id='word_1_422' title='bbox 750 4852 849 4913; x_wconf 83' lang='lat' dir='ltr'><strong>usque</strong></span> <span class='ocrx_word' id='word_1_423' title='bbox 876 4852 893 4893; x_wconf 90' lang='lat' dir='ltr'><strong>a</strong></span> <span class='ocrx_word' id='word_1_424' title='bbox 918 4831 1059 4895; x_wconf 84' lang='lat' dir='ltr'><strong>Romulo</strong></span> <span class='ocrx_word' id='word_1_425' title='bbox 1085 4835 1334 4896; x_wconf 79' lang='lat' dir='ltr'><strong>decreverunta.</strong></span> <span class='ocrx_word' id='word_1_426' title='bbox 1363 4834 1462 4897; x_wconf 83' lang='lat' dir='ltr'><strong>Iove</strong></span> 
     </span>
    </p>
   </div>
   <div class='ocr_carea' id='block_1_4' title="bbox 0 0 1610 5318">
    <p class='ocr_par' dir='ltr' id='par_1_16' title="bbox 0 0 1610 5318">
     <span class='ocr_line' id='line_1_49' title="bbox 0 0 1610 5318; baseline 0 0"><span class='ocrx_word' id='word_1_427' title='bbox 0 0 1610 5318; x_wconf 95' lang='lat' dir='ltr'><strong> </strong></span> 
     </span>
    </p>
   </div>
  </div>
 </body>
</html>
