3202 5318
230 287 292 353 oss
549 225 556 233 ’
628 281 777 351 mnnx
798 232 1159 353 nonunnnnnu.

254 470 259 495 .
314 428 450 492 Annus
472 446 596 502 ments,
620 437 728 502 tuus,
746 447 857 503 situs,
881 437 1042 504 noster,
1066 424 1224 513 legitimus
1240 400 1405 509 petitionis
1421 427 1549 511 exlege

230 521 348 587 annuli.
391 520 524 586 Clodius
555 519 684 604 reliquit
712 540 848 584 aunttm
878 543 987 584 sittim
1013 542 1145 605 seseque
1170 521 1201 582 in
1227 520 1410 602 proximum
1438 542 1550 586 annun

228 613 387 681 transtulit
408 636 491 691 non,
527 625 562 678 nt
589 613 646 689 fit,
681 615 835 700 religione
860 614 964 698 aliqua
988 628 1050 678 cet.
1084 636 1146 697 pro
1168 615 1242 680 Mil.
1264 616 1302 691 9,
1327 617 1382 680 21.
1406 650 1452 663 -
1485 592 1551 683 Pel

229 706 430 793 amplitudine
461 711 636 785 honorum,
669 728 751 793 quos
780 708 901 772 cunetis
924 709 1085 794 suffragiis
1112 706 1219 792 adepti
1247 730 1374 787 sumus,
1404 722 1551 776 nostro

227 803 353 890 quidem
376 824 503 879 anno,
527 815 591 866 cet.
615 805 653 866 de
677 802 772 867 offic.
796 803 834 877 2,
859 804 916 878 17,
939 803 992 867 59.

313 897 541 963 Anseribus
574 895 724 959 cibaria
754 896 932 978 publico
953 896 1141 961 locantur
1173 906 1206 960 et
1232 917 1326 961 canes
1358 897 1491 962 alnotnr
1521 897 1550 960 in

229 990 409 1076 Capitolio,
434 1004 468 1054 ut
487 989 685 1075 significent,
708 988 736 1053 si
756 990 844 1054 inires
869 990 1023 1053 venerint.
1052 1009 1112 1074 pro
1132 990 1168 1054 S.
1185 990 1306 1055 Roscio
1322 990 1399 1055 Am.¹
1417 992 1481 1070 20,
1498 993 1549 1058 55.

310 1089 415 1152 Ante
435 1087 600 1160 factum,
624 1095 717 1168 post
739 1085 924 1147 relatum.
948 1086 986 1146 de
1009 1086 1070 1150 Or.
1095 1085 1131 1161 2,
1156 1085 1214 1158 59,
1239 1084 1312 1148 280.

312 1179 547 1264 Antiquare.
570 1177 736 1242 Bar-batuli
759 1177 888 1241 iuvenes
910 1177 1084 1260 populum,
1109 1189 1149 1240 ut
1170 1177 1429 1262 antiquaret,
1453 1201 1548 1266 roga·

228 1275 315 1338 bant.
339 1276 379 1337 ad
402 1277 473 1338 Att.
498 1276 535 1349 1,
562 1276 619 1348 11,
642 1274 674 1336 5.
706 1308 746 1318 -
780 1272 1007 1355 Antiquare
1029 1271 1243 1356 rogationem.
1273 1274 1313 1335 ad
1333 1273 1409 1336 Att.
1435 1276 1550 1351 1,13,

229 1368 262 1432 3.
285 1369 324 1435 de
347 1367 442 1434 Offic.
467 1368 502 1444 2,
527 1367 585 1442 21,
610 1367 661 1431 73.
684 1368 723 1430 de
745 1366 854 1450 Legg.
878 1366 915 1440 3,
942 1366 999 1441 17,
1024 1366 1078 1428 38.

312 1459 489 1545 Aperire
518 1482 696 1525 summam
725 1460 829 1523 alicui.
874 1459 925 1522 De
947 1458 1058 1541 Oppio
1079 1459 1196 1523 lactum
1218 1471 1285 1537 est,
1317 1471 1352 1524 ut
1377 1461 1491 1541 volni,
1521 1473 1548 1525 ct

229 1557 381 1632 maxime,
406 1557 495 1640 quod
509 1552 646 1619 DCCC.
661 1550 874 1636 aperuisti.
901 1555 941 1616 ad
954 1553 1025 1617 Att.
1042 1554 1079 1629 5,
1098 1557 1135 1626 1,
1152 1553 1184 1617 2.
1214 1554 1300 1618 Vide
1317 1554 1547 1637 Expooerc.

312 1653 529 1733 Apparere
552 1648 779 1732 quaestioni
801 1647 1004 1727 (describis,
1027 1647 1196 1713 lictoribus
1218 1649 1295 1727 εει.)
1317 1670 1381 1730 pro
1401 1648 1549 1717 Cluentio

228 1744 287 1823 53,
313 1745 386 1807 117.

313 1836 539 1922 Appellare
560 1837 758 1917 (admonere)
780 1834 914 1918 aliquem
938 1839 977 1899 de
1001 1836 1121 1900 debito.
1150 1855 1212 1918 pro
1236 1828 1393 1916 Quinctio,
1414 1839 1476 1915 11,
1499 1836 1549 1901 39.

311 1932 541 2015 Appellare
563 1929 765 1994 tribunos.
787 1950 849 2011 pro
874 1928 1024 2011 Quinctio
1047 1931 1107 2004 20,
1131 1930 1184 1993 53.

314 2024 548 2110 Applicare.
594 2024 741 2087 Omnium
763 2023 922 2085 nationum
945 2035 1124 2087 exterarum
1151 2022 1298 2106 princeps
1324 2023 1435 2089 Sicilia
1457 2047 1492 2088 se
1512 2027 1549 2087 ad

228 2118 394 2187 amicitiam
416 2119 573 2203 fidemque
592 2117 702 2200 populi
724 2118 860 2203 Romani
881 2119 1118 2201 applicavit.
1150 2121 1250 2182 Verr.
1269 2120 1390 2182 Ancus.
1409 2119 1453 2196 2,
1469 2124 1504 2196 1,
1518 2120 1548 2182 2.

310 2212 619 2297 Applicationis
642 2214 713 2275 ius.
737 2215 774 2276 de
798 2214 860 2277 Or.
884 2216 919 2288 1,
945 2214 1003 2289 39,
1030 2216 1117 2277 177»

288 2292 572 2393 'Approbare
617 2306 669 2367 Tu
694 2308 782 2390 quod
806 2307 928 2390 egeris,
959 2306 998 2369 id
1021 2307 1117 2370 velim
1145 2306 1199 2369 dii
1227 2309 1476 2391 approbent.
1514 2308 1551 2371 ad

229 2403 322 2468 Fam.
345 2402 382 2477 2,
410 2402 467 2475 18,
491 2400 523 2465 3.
773 2426 776 2431 ·

313 2500 429 2580 Aqua
452 2507 487 2558 ει
509 2493 593 2579 igni
616 2492 882 2558 interdicere.
904 2495 944 2557 ad
966 2495 1049 2558 Her.
1074 2495 1112 2572 2,
1135 2494 1197 2570 23,
1222 2497 1274 2559 15.

312 2592 452 2676 Aquae
475 2588 543 2655 ius.
588 2587 670 2651 Vide
693 2587 894 2652 Servitus.

311 2688 427 2767 Aqua
452 2683 589 2766 pluria
613 2682 721 2746 ultimo
742 2703 861 2767 genere
881 2704 915 2745 ea
933 2696 997 2758 est,
1024 2705 1103 2768 quae
1119 2687 1157 2747 de
1178 2684 1268 2749 caelo
1287 2685 1421 2750 veniens
1441 2684 1549 2751 crescit

227 2779 339 2853 imbri,
373 2782 429 2843 aed
456 2777 626 2861 propiore,
661 2775 779 2859 inquo
810 2777 898 2859 quasi
924 2777 971 2841 ius
993 2779 1121 2841 arcendi
1145 2779 1343 2854 continetur,
1378 2802 1483 2864 genus
1506 2792 1549 2843 est

228 2894 308 2958 aqna
330 2872 438 2956 pluria
461 2893 596 2945 ooceus;
628 2868 695 2935 eius
720 2871 845 2954 generis
867 2872 1008 2947 formae,
1043 2873 1106 2937 loci
1133 2873 1210 2937 vitio
1236 2884 1268 2935 et
1293 2895 1386 2937 manu
1414 2896 1546 2950 nocens,

229 2987 365 3051 quorum
381 2967 515 3029 alterum
532 2964 659 3028 iubetur
675 2966 715 3027 ab
731 2964 852 3030 arbitro
865 2966 1027 3042 coerceri,
1043 2968 1173 3031 alterum
1191 2988 1255 3031 nou
1267 2966 1410 3033 iubetur.
1436 2969 1547 3051 'l'opic

231 3061 269 3137 9,
292 3059 332 3124 39
356 3072 386 3123 ει
410 3062 466 3136 10,
491 3061 544 3123 13.

312 3156 419 3220 Arre
440 3167 479 3218 ct
499 3153 517 3217 1
522 3153 598 3218 oci.
643 3154 733 3228 „Res
749 3153 875 3235 publica
897 3175 961 3218 uon
985 3166 1034 3219 est
1054 3154 1086 3219 in
1108 3155 1317 3239 parietibus.”
1362 3156 1458 3223 Atio
1476 3155 1549 3221 aris

229 3259 268 3312 ει
287 3247 410 3314 focis.
445 3251 484 3311 ad
507 3250 577 3311 Att.
603 3249 639 3321 7,
665 3249 723 3323 11,
747 3247 779 3311 3.

311 3343 497 3416 Arbiter.
542 3341 761 3406 Damnatus
783 3364 854 3424 per
875 3343 1088 3408 arbitrum.
1111 3366 1172 3425 pro
1189 3346 1224 3407 S.
1246 3343 1370 3408 Roscio
1394 3346 1474 3410 Aur.
1497 3344 1547 3429 39,

230 3433 302 3498 111.
324 3470 366 3483 -
387 3436 594 3500 Arbitrum
610 3435 984 3520 adigerealiquem,
1000 3438 1286 3522 quidquidsibi
1302 3440 1397 3503 dare
1419 3440 1546 3505 faeere

227 3541 445 3611 oporteret
475 3552 520 3594 ex
547 3528 632 3592 fide
662 3532 775 3594 bona.
810 3533 849 3593 de
878 3531 970 3598 offic.
999 3532 1035 3608 3,
1066 3533 1119 3609 15,
1150 3532 1205 3595 55.
1228 3566 1263 3579 -
1291 3531 1464 3615 Finibus
1487 3554 1546 3597 re·

228 3620 371 3707 guodis
391 3624 561 3711 ,adigere
583 3624 792 3688 arbitrum.
832 3626 948 3707 Topic.
975 3627 1029 3701 10,
1056 3627 1108 3690 13.
1156 3627 1242 3690 Vide
1264 3626 1375 3709 Aqua
1399 3627 1545 3710 pluria.

312 3717 555 3782 Arbitrium.
599 3719 683 3782 Vide
707 3717 916 3784 Iudicium.
948 3751 987 3763 -
1016 3719 1245 3784 Arbitrium
1273 3719 1334 3783 rei
1364 3722 1544 3788 uxoriae.

227 3813 267 3879 dc
290 3812 358 3879 Off.
382 3813 419 3890 3,
446 3814 502 3889 15,
528 3814 580 3876 51.

311 3908 525 3973 Arbitror.
558 3908 702 3971 Verbum
724 3906 756 3971 in
771 3905 956 3971 testimoniis
975 3907 1119 3973 solenne.
1166 3909 1409 3977 lnduciomarus
1430 3911 1545 3997 primns

226 4002 304 4067 illud
323 4005 457 4068 verbum
480 4001 799 4068 consideratissimum
817 4014 947 4066 nostrae
964 4003 1218 4079 consuetudinis,
1242 4006 1462 4084 Arbitror,
1484 4024 1545 4090 qno

227 4116 286 4161 uos
311 4096 403 4161 etiam
423 4108 499 4161 tuno
519 4097 656 4172 utimur,
680 4117 749 4159 cum
766 4117 800 4159 ea
822 4095 953 4159 dicimus
967 4095 1079 4173 iurati,
1103 4119 1183 4183 qnae
1199 4109 1364 4181 comperta
1383 4102 1543 4173 mucuns.

227 4210 308 4276 quae
335 4191 395 4274 ipsi
424 4190 577 4266 vidimus,
612 4210 653 4255 ex
680 4202 749 4254 toto
779 4189 960 4255 testimonio
986 4212 1048 4254 suo
1076 4193 1218 4269 sustulit,
1254 4207 1350 4277 atque
1379 4194 1488 4260 omnia
1511 4213 1543 4256 se

227 4285 334 4349 seire
355 4285 448 4350 dixit.
473 4306 533 4368 pro
557 4284 695 4350 Fonteio
718 4285 755 4359 9,
782 4285 834 4349 19.

312 4382 460 4444 Arcere
481 4400 632 4464 aquam.
677 4379 761 4442 Vide
783 4378 1079 4464 Finesregere.

247 4506 256 4529 ι.
311 4475 544 4558 Argentum.
589 4474 745 4555 Quoniam
778 4485 944 4558 argeutum
975 4495 1068 4538 omne
1098 4476 1220 4540 mulieri
1248 4477 1355 4562 legata
1383 4490 1453 4556 est,
1483 4496 1541 4543 not

227 4572 333 4645 potest
356 4588 393 4630 ea
419 4569 567 4650 pecnnia,
603 4590 683 4653 quae
707 4579 868 4632 numerata
895 4568 981 4632 domi
1001 4569 1110 4633 relicta
1138 4582 1203 4646 est,
1234 4591 1297 4635 uon
1323 4592 1396 4636 eree
1421 4574 1539 4659 legataa

227 4654 333 4722 torn·
353 4661 434 4725 enim
456 4682 474 4727 a
494 4684 628 4745 genere,
653 4665 759 4749 quoad
774 4682 863 4727 sunm
882 4683 999 4726 nomen
1019 4664 1148 4743 retinet,
1173 4685 1331 4749 nunqnam
1349 4664 1537 4754 seiungitutt
