3202 5318
557 355 995 426 'GRAECO-LATINUS.
1418 360 1459 425 93

134 494 212 572 etti,
237 507 273 560 ut
295 498 523 583 συγγραφεύς,
550 498 677 581 saepius
702 502 740 563 de
763 493 924 564 historicis
947 523 1039 585 qnam
1065 499 1133 564 aliis
1159 501 1387 585 scriptoribus,
1411 501 1458 565 sic

134 592 341 679 σύγγραμμα
369 595 409 656 de
439 591 599 656 historicis
626 593 716 656 libris
740 593 871 672 dicitur,
905 607 1010 658 tamen
1040 604 1210 681 utrumque
1235 598 1273 659 de
1296 597 1459 680 omnige-

133 706 210 749 nere
233 686 410 768 reperitur.
453 687 540 750 Ean.
1092 707 1096 716 ·

217 780 487 865 Xumtdbsare,
522 778 697 858 assensio,
726 782 943 865 approbatio.
993 782 1115 865 „Nunc
1137 784 1176 847 de
1202 783 1383 851 assensione
1410 796 1458 847 at-

119 874 195 959 'que
219 877 468 958 approbatione,
494 897 587 961 quam
610 876 727 940 Graeci
748 877 989 961 συγκατάθεσιν
1008 888 1138 953 vocant,
1161 898 1261 960 patrea
1278 878 1457 945 dicemus.’'

132 970 239 1032 Acad.
262 969 313 1033 II.
338 970 473 1057 12,37.
508 964 511 971 ’
656 984 659 989 ’

219 1063 441 1152 Συγκῦρημα,
466 1086 577 1129 casus.
623 1069 660 1129 ad
683 1066 755 1131 Au.
781 1068 830 1131 II.
855 1068 914 1143 12,
940 1067 971 1130 2.

219 1158 405 1241 Σῦγχυσις,
434 1158 612 1250 confusio.
664 1161 872 1241 ²,Admiratus
893 1183 961 1224 sum
983 1195 1025 1207 -
1047 1161 1207 1244 σύγχυσιν
1228 1158 1455 1237 litterularum,

133 1272 219 1336 quae
233 1254 337 1316 solent
352 1264 425 1317 tuac
447 1253 734 1336 compositissimae
755 1267 788 1318 et
809 1253 1001 1319 clarissimae
1020 1254 1125 1318 esse.''
1149 1257 1187 1317 ad
1202 1256 1276 1319 Att.
1292 1254 1357 1318 VI.
1375 1254 1407 1331 9,
1425 1262 1457 1317 1.

222 1346 389 1431 Σὸγχυσις
414 1352 469 1428 τῆς
485 1355 663 1427 πολιτείας,
695 1347 861 1439 confusio
882 1348 1122 1432 reipublicae.
1175 1348 1258 1430 „ste
1281 1348 1362 1413 euim
1389 1348 1458 1412 exi·
1524 1380 1530 1387 ·

132 1439 258 1517 stimat,
282 1442 309 1505 si
333 1442 386 1506 ille
409 1444 461 1506 vel
484 1443 611 1507 dimisso
633 1442 777 1507 exercitu
802 1445 914 1508 consul
934 1443 1037 1508 factus
1061 1443 1120 1522 sit,
1146 1444 1304 1526 σύγχυσιν
1328 1447 1381 1523 τῆς
1399 1467 1458 1507 no·

133 1542 253 1612 λιτείας
277 1536 395 1600 lore.”
439 1538 479 1599 ad
501 1540 574 1601 Ate.
597 1538 682 1601 Vll.
705 1538 745 1615 8,
769 1540 801 1600 lt.

215 1630 267 1696 513
293 1631 391 1710 11δῆ
414 1643 446 1697 rt
472 1630 625 1708 σύννουςς
657 1635 714 1696 Tu
738 1655 818 1696 vero
842 1632 927 1721 quid
950 1650 987 1695 es
1007 1631 1286 1716 cogitabundus?
1331 1628 1459 1705 ,Venit
1537 1682 1541 1689 .

132 1722 184 1787 ille
206 1727 246 1787 ad
272 1746 340 1802 me,
365 1737 422 1792 καὶ
442 1726 535 1810 μάλα
561 1726 718 1807 κατηφής·
745 1739 777 1790 et
797 1749 876 1813 ego,
902 1726 942 1792 cd
964 1733 999 1792 δὲ
1017 1727 1055 1807 δὴ
1076 1739 1107 1794 τί
1123 1723 1301 1802 σύνοους;”
1324 1726 1362 1786 ad
1384 1724 1456 1788 Atl-

131 1816 236 1882 XIII.
261 1819 322 1894 tt,
348 1822 380 1884 1.
424 1820 565 1883 Videtur
584 1842 652 1884 esse
673 1820 797 1884 initium
819 1821 948 1885 senarii.
990 1823 1075 1885 Ean.

215 1915 415 1995 Συζήτησις,
446 1926 567 1978 mutim
590 1915 762 2000 quaestio,
792 1915 994 1999 disputatio.
1047 1917 1149 1989 ,Non
1171 1927 1220 1979 est
1243 1913 1325 1978 enim
1352 1911 1458 1975 seiun-

134 2016 202 2071 ctus
224 2009 318 2072 iocus
341 2032 357 2071 a
382 2016 559 2094 φιλολογιᾳ
582 2021 613 2072 et
635 2008 819 2096 quotidiana
842 2009 1042 2090 συζητῆσει.”
1065 2012 1104 2072 ad
1120 2012 1211 2074 Fam.
1231 2011 1331 2075 XVI.
1347 2011 1399 2084 21,
1423 2010 1455 2070 lt.

175 2118 178 2123 '
215 2103 382 2187 Συζυγία,
413 2103 627 2188 coniugatio.
673 2102 882 2188 „Coniugata
908 2104 1072 2180 dicuntur,
1098 2126 1179 2187 quae
1200 2101 1455 2168 suntexverbis

135 2198 260 2281 generis
289 2199 443 2262 eiusdem.
472 2229 513 2240 -
543 2228 585 2240 —
633 2198 725 2261 Haec
754 2201 927 2263 verborum
952 2196 1137 2283 coniugatio
1160 2209 1295 2283 συζυγία
1318 2197 1453 2270 dicitur,

135 2313 172 2355 ex
200 2314 266 2378 qua
288 2291 472 2356 huiusmodi
493 2302 542 2355 est
563 2305 803 2376 argumentum:
839 2291 873 2355 Si
896 2312 1105 2376 compascuus
1126 2314 1205 2376 ager
1221 2304 1300 2378 ‚est‚
1335 2290 1382 2354 ius
1406 2301 1456 2352 est

135 2387 379 2470 compascere.''
424 2389 513 2468 Top.
537 2386 574 2462 3,
603 2386 657 2451 12.
680 2422 721 2433 -—
766 2388 919 2461 ,Primus
946 2400 995 2452 est
1024 2388 1114 2450 locus
1141 2408 1181 2449 ex
1207 2385 1453 2470 coniugatione,
1514 2421 1516 2427 ·

135 2502 227 2565 qnam
255 2482 374 2544 Graeci
396 2492 551 2565 συζυγίαν
576 2492 711 2555 vocant,
736 2516 777 2527 -
800 2517 840 2528 —
863 2493 918 2557 ut,
940 2481 968 2545 si
984 2502 1096 2567 aquam
1113 2478 1251 2562 pluviam
1268 2499 1335 2540 eam
1356 2480 1453 2540 modo

134 2573 400 2660 intelligeremus,
425 2597 517 2660 quam
540 2574 633 2637 imbri
658 2577 821 2638 collectam
842 2576 1040 2650 videremus,
1065 2575 1190 2636 veniret
1212 2572 1360 2647 Mucius,
1385 2571 1453 2657 qui,

135 2667 205 2752 pria
232 2669 404 2755 coniugata
430 2670 529 2733 verba
552 2681 654 2732 esseut
670 2669 779 2752 pluria
803 2681 834 2733 et
851 2672 1007 2753 pluendo,
1031 2669 1172 2742 diceret,
1197 2689 1320 2733 omnem
1341 2687 1453 2752 aquam

136 2777 287 2847 oportere
311 2764 414 2828 arceri
428 2808 437 2839 ,
462 2783 543 2849 quae
565 2763 705 2845 pluendo
727 2764 924 2828 crevisset.''
968 2766 1056 2847 Top.
1081 2762 1118 2839 9,
1150 2762 1201 2826 38.

215 2859 333 2940 Σύκῳ,
353 2860 402 2943 μοὶ
420 2858 477 2938 «ἦν
502 2857 680 2946 Δήμητρα,
708 2866 808 2926 σῦκον
829 2861 904 2925 οὐδὲ
923 2861 959 2925 ἓν

216 2955 328 3028 Οὕτως
346 2954 462 3037 ὅμοιον
483 2966 619 3036 γέγονεν.

138 3047 245 3120 licui,
278 3070 345 3131 per
371 3051 547 3122 Cererem,
574 3047 674 3124 ficus
703 3052 799 3111 nulla
825 3069 990 3134 umquam
1021 3059 1092 3110 tam
1116 3045 1240 3108 similis
1261 3043 1359 3137 suit.
1414 3047 1454 3106 ad

138 3143 206 3204 au.
238 3142 303 3206 lv.
326 3143 394 3218 ab,
426 3143 459 3204 2.
511 3142 660 3204 Senarius
684 3165 753 3205 cum
781 3143 907 3206 dimidio
938 3141 1064 3206 Comici
1087 3140 1195 3204 nescio
1219 3139 1320 3202 cuius.
1367 3140 1451 3203 Eur.

216 3235 398 3314 Σύλλαβοι.
444 3235 522 3298 Vid.
546 3237 717 3318 Σίλλυβοι.

217 3330 402 3414 Σέλλογος,
426 3342 622 3393 conuentus.
669 3334 727 3411 „Is
749 3330 975 3410 (Postumius)
998 3342 1099 3393 autem
1123 3342 1188 3402 est,
1217 3325 1272 3412 qui
1294 3347 1362 3389 cum
1385 3329 1453 3390 Lu-

138 3424 217 3489 cullo
245 3423 325 3499 Init3
356 3447 448 3508 quem
471 3437 503 3488 tu
531 3425 605 3486 mihi
635 3425 778 3488 addidisti
808 3448 883 3489 saue
913 3429 952 3487 ad
979 3425 1066 3489 illum
1095 3424 1255 3504 σύλλογον
1281 3442 1453 3503 personam

139 3517 324 3583 idoneam.''
369 3522 406 3580 ad
430 3520 501 3582 Au.
526 3520 628 3583 XIII.
651 3520 707 3595 32,
732 3520 763 3583 3.
807 3519 906 3585 cons.
931 3543 957 3583 s.
984 3543 1015 3584 v.
1037 3517 1217 3591 Πολιτικὸς
1238 3517 1407 3600 σύλλογος.

217 3615 428 3697 Συμβίωσις,
455 3614 641 3677 convictus.
686 3614 865 3698 ,Intelligis
888 3614 1057 3697 prolecto,
1088 3613 1208 3697 inquo
1232 3610 1367 3674 maxime
1393 3632 1453 3696 po-

140 3709 192 3769 sita
215 3709 255 3770 sit
279 3708 499 3791 συμβίωσις.”
544 3711 582 3771 ad
604 3710 675 3773 Au.
699 3710 803 3772 XIII.
827 3710 887 3785 23,
916 3713 946 3771 1.

216 3803 427 3886 Συμβιωτής,
462 3803 656 3881 convictor,
690 3804 841 3867 conviva.
896 3803 1150 3878 „suavissimum
1181 3799 1367 3883 συμβιωτήν
1394 3819 1452 3861 no-

87 3926 89 3931 *
140 3906 233 3959 strum
255 3899 428 3979 praestabo
451 3896 646 3981 integellum.
661 3898 679 3925 ''
728 3900 767 3960 ad
789 3898 879 3962 Fam.
902 3899 966 3961 IX.
992 3901 1048 3971 10,
1080 3898 1112 3961 2.

216 3993 411 4076 Σύμβολον,
440 4004 533 4055 nota.
566 3992 661 4071 „Hoc
685 3992 764 4055 idem
786 3992 979 4056 Aristoteles
1001 3995 1169 4078 σύμβολον
1191 3987 1339 4071 appellat,
1365 3987 1452 4070 quod

141 4084 251 4150 latine
274 4099 323 4148 est
344 4085 461 4151 nota.”
506 4088 593 4168 Top.
615 4088 653 4160 8,
678 4088 731 4151 35.

215 4180 498 4265 Συμβουλευτικός
521 4181 586 4247 scil.
610 4183 724 4267 λόγος,
754 4183 886 4247 nausia.
943 4185 1252 4268 ,Συμβουλευτικόν
1274 4207 1369 4268 saepe
1396 4204 1452 4248 co·

141 4296 207 4340 nor:
240 4278 316 4339 nihil
342 4274 489 4358 reperio:
522 4275 694 4359 etquidem
720 4298 839 4339 mecum
866 4281 968 4341 habeo
997 4291 1027 4341 et
1047 4281 1295 4363 ’,Αριστοτέλους
1318 4293 1349 4344 et
1372 4284 1451 4348 θεο·

143 4372 264 4453 κόμπου
287 4372 368 4454 πρὸς
391 4373 625 4458 Ἀλέξανδρονι
653 4373 710 4432 sed
734 4372 808 4452 quid
829 4370 974 4434 simile?''
1018 4375 1058 4434 nd
1080 4375 1152 4437 Au.
1175 4375 1259 4439 XII.
1284 4377 1336 4452 tu,
1362 4376 1394 4440 2.

216 4466 418 4551 Σύμμετρος.
456 4465 533 4528 Vid.
561 4469 759 4550 Περίπατος.

216 4561 434 4647 temedium,
463 4558 572 4622 animi
594 4560 777 4623 commotio
800 4583 848 4623 ex
868 4560 1184 4638 commiseratione,
1217 4565 1348 4629 doloris
1370 4585 1450 4628 con·

87 4666 89 4689 ¹
143 4654 285 4720 tentum
312 4655 443 4729 ,Valde
463 4655 642 4716 mehercule
665 4653 739 4716 mihi
760 4667 902 4740 gratum,
927 4654 953 4716 si
974 4654 1170 4735 Eutychides
1192 4671 1276 4723 tuam
1299 4681 1376 4744 erga
1402 4681 1450 4721 me

146 4746 386 4813 benevolentiam
409 4758 586 4833 cognoscet
609 4760 639 4810 et
662 4769 750 4811 suam
776 4746 858 4809 illam
880 4750 911 4810 in
934 4770 1005 4812 meo
1027 4749 1141 4814 dolore
1168 4754 1375 4840 συμπάθειαν
1398 4772 1451 4815 ne-

147 4860 197 4922 que
224 4854 289 4906 tum
323 4841 397 4907 mihi
427 4844 595 4907 obscuram
624 4864 727 4928 neque
756 4853 831 4927 post
856 4840 1012 4929 ingratam
1040 4844 1181 4910 luisse.''
1225 4852 1265 4913 ad
1287 4850 1359 4913 Att.
1383 4845 1448 4911 IV.
