3202 5318
462 336 614 402 INDEX
635 324 989 405 FORMULARDM.
1326 341 1386 404 381
1441 324 1446 331 “

151 474 361 540 Deeedcre
384 478 428 538 de
450 474 555 539 inre.
594 477 650 540 De
674 498 757 541 meo
780 477 865 541 iure
886 479 1084 542 decedam.
1113 498 1174 561 pro
1201 479 1236 543 S.
1263 478 1386 546 Roscio

63 570 443 746 Amgzzetssprimi·
486 643 702 729 Decurionum
718 667 880 729 decretum
896 665 948 741 lit,
967 678 1001 729 ut
1023 667 1155 729 decem
1177 666 1296 747 primi
1309 688 1388 751 pro-

63 758 247 822 ficiscantur
274 759 313 820 ad
341 759 384 821 L.
414 759 545 821 Sullam.
579 779 640 841 pro
664 761 699 822 S.
724 758 846 824 Roscio
862 746 983 823 'Amen
1008 762 1044 838 9,
1070 760 1123 825 95.
1154 795 1194 805 -
1228 759 1390 825 Decem-

62 851 181 934 primi
205 851 504 933 Centuripinorum.
538 854 640 916 Verr.
665 854 786 917 Aecus.
812 855 848 930 2,
873 853 932 928 67,
959 853 1032 916 169.

148 946 378 1013 Decemviri
401 946 582 1009 stlitibus
607 930 849 1010 indicandis.
896 950 989 1013 Orat.
1015 949 1070 1024 15,
1098 950 1170 1013 156.

149 1041 355 1119 Decerno,
387 1041 526 1105 lormula
553 1040 725 1105 senatoria.
770 1036 956 1105 Pedestrem
981 1064 1021 1105 ex
1048 1064 1122 1107 aere
1148 1040 1291 1108 statuam
1310 1055 1390 1109 taus

63 1155 160 1220 quam
183 1157 224 1199 ex
245 1135 316 1198 Ser.
342 1134 474 1217 Sulpicii
496 1135 688 1198 auctoritate
711 1147 744 1198 ct
769 1137 933 1200 voluntate
956 1139 1143 1201 decerno.
1188 1138 1331 1221 Philipp.
1355 1139 1388 1215 9,

64 1234 105 1306 b,
130 1231 183 1294 13.
214 1262 254 1272 -
283 1231 472 1294 Decerne
494 1229 592 1314 igitur
616 1251 727 1295 eorum
752 1231 843 1293 trium
868 1230 993 1294 nomine
1018 1230 1246 1316 quinquaginta
1267 1233 1387 1296 dierum

62 1322 324 1406 supplicationes.
370 1323 512 1405 Philipp.
539 1325 597 1397 11,
623 1327 681 1398 11,
706 1325 759 1388 99.
782 1360 823 1371 --
847 1324 888 1386 L.
908 1321 1027 1388 Caesar
1046 1323 1175 1407 privato
1198 1326 1389 1411 decrevit

62 1418 244 1500 imperium.
289 1418 429 1499 Philipp.
453 1420 509 1493 11,
534 1419 573 1492 8,
599 1420 651 1482 19.
686 1455 727 1466 -
760 1421 827 1495 Te,
859 1421 911 1482 M.
941 1417 1043 1494 Cato,
1079 1419 1213 1504 deniqne
1244 1419 1386 1498 memini,

62 1534 136 1575 curn
165 1511 286 1576 cuidam
310 1510 485 1574 clarissimo
511 1524 605 1598 atqtre
629 1512 752 1595 optimo
778 1515 852 1577 viro
878 1512 1140 1596 supplicationem
1164 1535 1228 1579 nou
1254 1517 1390 1580 decer·

61 1626 197 1680 neres,
230 1605 334 1669 dicere
362 1619 392 1667 tc
423 1608 698 1682 decreturum,
732 1608 758 1671 si
784 1608 963 1671 referretur
982 1611 1035 1674 ¹ob
1063 1630 1116 1672 eas
1144 1629 1217 1684 res,
1253 1630 1333 1693 quas
1362 1610 1389 1673 is

61 1701 176 1762 consul
198 1700 228 1763 in
250 1701 340 1765 Urbe
364 1703 529 1786 gessisset.
553 1704 593 1764 ad
615 1703 704 1767 Fam.
728 1704 786 1776 15,
812 1703 848 1773 1,
875 1705 926 1766 11.
950 1738 989 1750 -
1014 1701 1153 1768 Crassus
1171 1715 1237 1766 tres
1262 1703 1388 1785 legatos

61 1794 257 1857 deceruit.
288 1798 327 1858 ad
349 1796 439 1859 Fam.
470 1801 508 1872 1,
534 1799 574 1871 1,
599 1797 631 1859 3.
655 1833 695 1842 -
719 1797 1016 1861 Decerncudum
1041 1796 1137 1861 nihil
1161 1817 1318 1863 censeo.
1349 1798 1389 1861 ad

60 1887 106 1967 Q.
131 1887 190 1951 Fr.
213 1888 251 1964 2,
278 1890 334 1965 12,
359 1890 392 1953 3.

146 1981 364 2046 Decessor.
410 1987 636 2048 Successor
659 1985 867 2050 decessori
890 1983 1015 2049 inridit.
1038 2007 1099 2068 pro
1123 1988 1247 2051 Scauro
1269 1988 1310 2063 2,
1333 1986 1387 2050 33.

145 2077 349 2141 Decidere
372 2100 442 2141 cum
466 2078 585 2161 aliquo.
610 2081 708 2144 Verr.
734 2080 855 2142 Aecus.
882 2082 914 2159 1,
938 2080 996 2157 18,
1023 2081 1096 2144 195.
1120 2116 1161 2128 -
1183 2080 1389 2144 Decidere

58 2179 97 2231 et
120 2171 353 2255 transigere
377 2194 445 2232 cum
471 2172 592 2255 aliquo.
617 2194 678 2253 pro
702 2173 736 2235 S.
759 2174 882 2238 Roscio
907 2173 982 2236 Am.
1007 2174 1066 2247 39,
1093 2175 1165 2237 111.
1189 2210 1229 2221 -
1252 2175 1319 2239 Per
1340 2186 1385 2250 te,

58 2263 246 2347 quaesitor,
282 2265 438 2329 decidit
462 2267 502 2329 P.
530 2265 713 2345 Quinctius,
749 2269 836 2351 qruod
862 2268 1018 2350 Scapulae
1041 2268 1152 2355 liberis
1182 2268 1385 2333 dissolveret.

58 2378 122 2438 pro
147 2356 300 2439 Quinctio
323 2360 360 2436 t,
388 2362 438 2422 17.

147 2451 192 2517 D.
217 2455 252 2516 S.
277 2453 339 2530 C.,
364 2453 480 2528 idest,
512 2457 556 2515 de
578 2452 745 2518 consilii
768 2452 991 2526 sententia,
1015 2453 1152 2527 formida
1184 2457 1386 2534 decretorum

56 2548 287 2630 proconsulum
319 2570 355 2610 ac
379 2559 643 2630 propraetorum.
688 2547 791 2609 Verr.
823 2547 945 2610 Aecus.
981 2549 1018 2624 5,
1045 2546 1110 2624 21,
1143 2550 1197 2612 51.
1232 2547 1285 2612 ubi
1316 2548 1387 2623 vide

59 2642 194 2725 Zumpt.
218 2647 320 2707 -dc
343 2645 416 2726 lege
440 2664 509 2728 agr.
532 2643 568 2717 9,
592 2643 652 2716 31,
677 2642 729 2705 93.

145 2736 331 2800 Decuma.
377 2738 448 2799 Lex
482 2735 668 2799 venditionis
696 2737 960 2802 decumarum.
1007 2736 1110 2813 Verr.
1138 2737 1259 2799 Aecus.
1287 2734 1325 2812 3,
1350 2736 1386 2815 5,

61 2833 112 2895 11.
141 2867 182 2878 -
212 2831 410 2895 Decumac
436 2830 579 2894 venditae
600 2831 668 2915 agri
694 2828 857 2892 Leontini.
893 2830 997 2908 Verr.
1022 2830 1200 2905 Accussd,
1227 2831 1286 2906 19,
1312 2829 1385 2890 117.

144 2926 381 3000 Decumani,
408 2928 470 2988 hoc
494 2937 561 3000 est,
586 2924 747 3007 principes
770 2937 801 2987 et
824 2925 914 3010 quasi
938 2935 1100 2987 senatores
1128 2922 1383 3006 publicanorum.

57 3018 161 3082 Verr.
186 3023 306 3083 Aeetas.
332 3022 369 3094 9,
394 3024 451 3094 71,
479 3022 552 3082 175.

144 3116 395 3179 Decumanus
419 3135 526 3196 ager.
551 3112 661 3179 Omnis
686 3134 782 3197 ager
805 3111 932 3175 Siciliae
957 3111 1117 3176 ciuitatum
1144 3115 1386 3176 decumanus

57 3221 119 3272 est.
153 3210 253 3274 Verr.
280 3213 400 3272 Aecus.
425 3211 464 3283 3,
491 3214 526 3282 b,
554 3209 602 3272 13.

145 3303 347 3367 Decuriae
370 3325 444 3366 suae
464 3324 591 3364 irrrrncre
608 3315 638 3364 et
661 3324 700 3364 cx
720 3303 791 3386 lege
808 3304 933 3376 sedere,
959 3304 996 3363 dc
1011 3300 1125 3365 iudice.
1148 3322 1210 3384 pro
1233 3301 1386 3366 Cluentio

60 3398 119 3472 37,
142 3398 214 3459 103.
238 3433 270 3443 -
301 3397 498 3460 Decurias
521 3407 781 3479 recuperatorum
802 3397 954 3459 seribere.
978 3397 1079 3459 Verr.
1102 3386 1385 3472 Aee.3,11,28“.

147 3491 379 3554 Decuriatio
404 3491 585 3565 tribulium,
619 3490 851 3572 descriptio
875 3490 1005 3572 populi,
1040 3491 1192 3575 suffragia
1218 3491 1386 3575 largitione
1434 3496 1437 3505 “

57 3584 206 3647 devincta
230 3585 429 3649 severitatem
455 3595 582 3647 senatus
605 3584 795 3646 excitarunt.
831 3606 892 3666 pro
916 3583 1048 3647 Plancio
1073 3584 1131 3658 18,
1158 3586 1210 3648 15.
1241 3620 1282 3630 -
1314 3585 1386 3648 Dc·

57 3678 239 3755 curiare,
264 3681 528 3743 conscribere
551 3679 716 3760 populum.
763 3677 845 3740 ibid.

145 3773 202 3836 De
224 3777 358 3837 eadem
381 3795 424 3836 re
448 3773 525 3834 alia
549 3776 676 3836 modo.
723 3772 767 3837 Ut
795 3794 854 3838 vos
883 3775 937 3851 (ad
962 3774 1033 3836 Ser.
1064 3770 1235 3853 Sulpicium
1263 3771 1387 3848 scribit)

56 3866 169 3932 soletis
194 3868 223 3930 in
251 3865 416 3942 formulis,
453 3867 500 3930 sic
522 3888 583 3951 ego
607 3866 637 3930 in
658 3866 800 3948 epistolis
830 3868 875 3928 de
905 3869 1039 3929 eadem
1070 3885 1110 3927 re
1138 3863 1224 3928 alio
1256 3866 1385 3931 niodo.

56 3966 96 4024 ad
120 3962 213 4026 Fam.
240 3963 297 4037 13,
322 3962 381 4036 97,
408 3964 439 4022 1.

142 4058 372 4121 Delendere
395 4077 472 4116 rem
497 4054 709 4135 publicam.
755 4053 838 4116 Vide
859 4053 964 4116 Dent
989 4075 1150 4136 operam
1175 4065 1237 4117 eet.

140 4150 329 4214 Deiicere
353 4148 534 4212 libellos.
559 4170 619 4229 pro
643 4147 793 4227 Quinctio
817 4149 855 4224 5,
881 4148 933 4213 97.
958 4185 998 4194 -
1020 4149 1106 4211 Vide
1130 4145 1301 4211 Libelli.

143 4244 308 4311 Delatio
332 4242 516 4306 nominis.
540 4241 684 4305 Divinat.
709 4242 746 4316 3,
773 4244 825 4303 10.

145 4339 365 4403 Denicales
388 4337 557 4400 feriaea
585 4358 661 4399 nece
688 4335 865 4418 appellatae
889 4348 979 4412 sunt,
1004 4336 1077 4422 quia
1099 4333 1278 4398 residentur
1302 4353 1386 4399 rnor-

56 4433 134 4496 tuis.
159 4435 197 4495 de
220 4434 328 4518 Legg.
353 4433 390 4508 2,
416 4432 473 4506 99,
500 4432 552 4493 55.
933 4428 936 4435 ’

143 4527 247 4590 Dent
276 4548 439 4610 operam
464 4525 670 4600 consules,
701 4535 943 4607 praetores,
975 4520 1135 4583 tribuni
1158 4522 1210 4603 pl.
1234 4519 1386 4606 qrrique

53 4640 128 4705 pro
158 4640 262 4684 coss.
292 4632 384 4683 sunt
414 4622 461 4682 ad
490 4623 642 4694 urbem,
678 4640 721 4681 ne
751 4616 844 4703 quid
875 4615 1109 4681 detrimenti
1137 4615 1386 4699 respublica

54 4715 208 4797 capiat.
240 4713 361 4779 Cacsar
392 4715 432 4777 B.
464 4712 539 4779 Cir.
563 4717 601 4787 1,
627 4715 658 4779 5.
683 4746 723 4756 -
746 4711 901 4777 Decrevit
923 4711 1080 4795 quondam
1104 4719 1255 4786 senatus,
1278 4720 1318 4774 ut
1341 4710 1385 4774 t..

55 4809 241 4893 Opimius
274 4809 415 4873 consul
448 4808 626 4885 videret,
663 4828 708 4870 ne
742 4805 835 4891 quid
865 4803 1119 4887 respublica
1152 4802 1387 4868 detrimenti
