3202 5318
141 314 203 383 333
655 302 933 378 Antenora·

139 452 365 525 commentario
387 455 533 540 petitum:
563 475 750 536 quamquam
774 475 886 517 errore
908 451 1128 535 compilatoris
1151 451 1295 517 additur:
1327 451 1365 517 in
1389 454 1460 519 Do-

139 556 261 616 labella
288 575 347 615 reo
374 574 420 615 ear
450 550 570 615 Cilicio
596 550 682 627 (eod.
705 551 754 611 ed.
776 569 825 628 pr.
848 548 996 624 Siciliolt
1030 547 1145 610 scimus
1167 547 1247 609 enim
1271 571 1337 612 non
1361 550 1462 613 Dola·

139 648 252 711 bellam
269 657 446 726 praetorem
468 643 615 717 Ciliciae,
640 645 695 703 sed
718 641 870 714 alterum,
894 641 1108 713 consularem,
1133 642 1246 725 quiex
1266 643 1462 707 Macedonia

136 740 359 822 triumphauit,
385 760 402 801 a
426 738 565 803 Caesare
587 724 708 798 frusino
729 748 927 811 accirsatum,
953 737 1138 797 defendente
1160 737 1356 802 Hortensio.
1400 738 1462 800 Sed

138 857 217 920 quae
239 835 272 897 in
293 832 417 897 scholio
439 841 631 914 sequuntur:
656 830 871 912 quiquidem
893 831 1095 904 traianum,
1119 832 1179 892 sed
1200 851 1270 892 non
1291 842 1462 914 quantum

135 929 290 1012 oportuit
312 951 376 1010 pei·
405 924 584 990 Hortensii
610 923 775 1005 gratiam.
805 934 886 985 caet.
910 922 965 1002 (ita
990 924 1158 1008 legendum
1184 923 1334 999 videtur;
1367 925 1462 986 habet

138 1026 240 1087 codex
262 1045 293 1086 n.
314 1033 480 1106 quantum
502 1017 690 1098 oporttsitr)
718 1018 795 1078 hacc
816 1017 915 1099 igitur
938 1014 1010 1078 seint
1033 1018 1109 1080 alius
1129 1019 1264 1081 hominis
1287 1017 1460 1099 superiora

138 1118 304 1201 corrigere
328 1113 484 1179 volentis:
518 1133 580 1173 nou
606 1111 729 1193 quidem
748 1122 886 1193 'propter
909 1132 1051 1174 errorem
1075 1133 1166 1196 quem
1194 1111 1458 1195 significavimus,

120 1212 253 1293 quippe
275 1211 306 1272 in
329 1230 393 1292 quo
416 1208 482 1288 ipse
511 1218 670 1279 versetur,
694 1207 748 1267 sed
773 1227 811 1266 ne
837 1206 905 1287 quis
935 1228 975 1268 ex
1005 1207 1147 1290 magistri
1175 1205 1289 1269 verbis·
1312 1204 1461 1268 conficiat

134 1303 338 1369 Dolabellam
356 1302 556 1367 Ciliciensem
580 1301 757 1361 absolutum
777 1322 864 1374 esse,
889 1322 982 1383 quem
1002 1312 1139 1381 propter
1159 1300 1331 1365 Ciceronis
1348 1302 1461 1371 verbs,

134 1398 167 1461 in
189 1420 262 1480 cap.
287 1399 338 1461 00.
361 1398 415 1459 lib.
438 1397 467 1457 Ι.
491 1396 521 1457 in
544 1396 664 1468 Verr.,
696 1416 777 1475 quae
801 1394 921 1469 adlcrt,
958 1398 1133 1457 damnatum
1154 1394 1256 1478 quivis
1280 1394 1459 1479 intelligam

136 1490 280 1574 quamvis
309 1491 479 1553 Caesarem
509 1487 682 1569 significari
712 1510 807 1568 posse
834 1492 1003 1562 concedat,
1035 1493 1122 1573 qnod
1143 1490 1281 1553 sortasse
1304 1510 1347 1551 eo
1371 1508 1464 1550 aecti-

134 1600 224 1657 sante
254 1583 421 1648 Hortensii
449 1582 568 1643 artibus
601 1584 746 1644 ellectum
777 1584 834 1656 sit,
869 1594 902 1644 ut
931 1584 1030 1645 minus
1060 1586 1261 1645 damnaretur
1288 1582 1461 1645 Dolabella

135 1701 229 1764 qsram
254 1676 470 1760 oportuisset;
494 1678 551 1737 sed
573 1675 782 1737 verosimilius
804 1687 893 1756 putat
916 1679 1068 1738 Scaurum
1089 1677 1279 1760 significari,
1305 1677 1363 1759 qui
1387 1677 1462 1739 alts-

134 1794 205 1835 rum
225 1771 426 1836 Dolabellam
453 1769 644 1843 delendcrlt,
670 1791 761 1851 quem
786 1770 875 1831 etiam
898 1771 1040 1850 potuerit
1059 1771 1252 1835 Hortensius
1276 1771 1460 1833 defendere.

133 1865 291 1929 Nimirum
314 1886 331 1927 a
353 1868 475 1927 Scauro
498 1863 697 1927 Dolabellam
718 1878 897 1925 accersatum
913 1886 997 1939 esse,
1023 1886 1124 1947 neque
1139 1866 1281 1947 potuisse
1303 1865 1457 1938 detonari,

132 1960 259 2041 scripsit
277 1960 422 2022 etiamad
447 1959 499 2020 lib.
516 1960 542 2023 1.
565 1979 594 2018 e.
614 1960 666 2019 15.
690 1980 723 2038 p.
742 1960 835 2033 100.,
860 1981 952 2041 quem
971 1980 1114 2022 errorem
1132 1961 1253 2023 notavit
1270 1959 1459 2045 Madvigius

132 2076 167 2135 p.
194 2056 252 2116 100
276 2075 344 2138 seq.
368 2088 409 2099 —-
431 2054 485 2117 Sic
507 2073 587 2133 quae
607 2054 645 2114 de
671 2063 815 2133 tempore
837 2056 875 2112 ad
897 2056 1103 2114 accusandum
1126 2055 1197 2136 lege
1220 2044 1379 2116 concesso
1402 2072 1460 2114 no·

133 2160 240 2213 untur
270 2170 305 2229 p.·
336 2149 408 2209 too.
438 2146 491 2207 lin.
523 2151 539 2204 'i
569 2158 600 2205 et
628 2146 680 2208 9-1.
713 2168 774 2207 nou
803 2159 875 2206 sum
899 2147 1035 2209 ciusdem
1059 2146 1238 2228 scriptoris.
1284 2147 1393 2209 Etiam
1421 2148 1458 2207 ad

136 2253 201 2305 aet.
225 2242 254 2305 I.
278 2245 309 2304 in
333 2243 433 2302 Verr.
457 2263 490 2322 p.
518 2241 591 2301 198.
615 2243 654 2301 de
676 2250 862 2301 accusatore
886 2241 941 2300 illo
967 2238 1128 2315 Achaico,
1155 2241 1225 2322 qui,
1250 2254 1284 2302 ut
1304 2238 1458 2305 Ciceroni

134 2336 281 2400 meliores
303 2334 511 2397 aestuationis
528 2334 594 2395 dics
610 2334 827 2413 eriperentur,
849 2356 865 2394 a
885 2334 1104 2397 defensoribus
1120 2334 1236 2396 Verris
1251 2333 1457 2415 interpositus

135 2442 202 2504 est,
227 2451 307 2511 quac
325 2427 460 2511 primum
480 2439 648 2491 notantur:
676 2427 774 2509 petiit
797 2459 836 2469 —
859 2432 887 2489 C
906 2440 938 2489 et
963 2432 1062 2493 VIII.
1082 2429 1200 2511 petiit:
1227 2441 1300 2489 sunt
1324 2429 1457 2491 hominis

135 2546 230 2589 unsun
254 2536 414 2587 arretorem
435 2523 556 2585 secuti:
580 2521 760 2604 sequentia,
784 2521 846 2582 olii
866 2524 954 2583 liuor
976 2554 1017 2564 —
1039 2524 1221 2587 Curionem
1244 2544 1362 2597 reum,
1386 2528 1457 2606 plu·

132 2620 214 2683 rium
237 2630 401 2680 auctorum
428 2616 529 2678 varias
552 2616 720 2677 sententias
742 2614 928 2676 rel'ereutis:
954 2628 984 2676 ct
1010 2638 1089 2700 quac
1115 2637 1224 2677 rursus
1249 2616 1401 2698 leguntur
1421 2618 1458 2677 sd

134 2726 197 2775 act.
222 2713 269 2775 Il.
292 2712 346 2773 lib.
372 2711 400 2771 l.
427 2732 458 2790 p.
481 2712 553 2771 105.
577 2709 635 2791 qui
657 2708 718 2770 iste
740 2708 784 2771 sit
800 2721 982 2770 accersatur
997 2744 1036 2754 -
1052 2711 1262 2784 notavimus,
1287 2721 1362 2771 sum
1377 2710 1457 2771 illius

135 2806 190 2890 qui
212 2817 348 2877 certam,
376 2824 438 2865 non
461 2805 585 2864 dubiam
606 2803 788 2864 sententiam
813 2804 850 2862 de
877 2803 928 2864 illa
950 2826 985 2864 re
1007 2805 1162 2866 retulerit.
1191 2837 1227 2848 -
1249 2805 1302 2866 Ad
1321 2803 1456 2866 formam

136 2901 228 2963 etism
251 2899 488 2978 quodammodo
511 2896 664 2976 pertinet,
689 2896 864 2958 Asconium
885 2897 1000 2979 ubique
1025 2898 1107 2960 lilios
1130 2898 1268 2982 alloqui;
1299 2918 1385 2979 quos
1405 2920 1458 2980 ap-

135 2994 234 3075 pellat
262 2995 300 3053 ad
329 3010 379 3054 or.
407 3011 467 3068 pro
491 2989 610 3051 Milon.
634 3012 668 3070 p.
694 2992 747 3049 tl.
778 2989 821 3051 el'.
844 2992 880 3049 ad
904 3012 954 3051 or.
980 2993 1008 3051 in
1032 2992 1143 3054 Pison.
1168 3014 1201 3072 p.
1227 2992 1279 3052 19.
1305 2992 1362 3055 lin.
1387 2996 1404 3055 1
1427 3004 1457 3055 et

136 3091 190 3151 10.
213 3110 246 3167 ρ.
271 3088 322 3147 tl.
346 3085 368 3145 l.
393 3084 444 3144 90.
469 3095 499 3143 et
522 3105 554 3162 p.
579 3106 648 3164 seq.
675 3085 695 3144 l.
722 3086 772 3144 10.
797 3086 835 3143 ad
859 3106 909 3146 or.
932 3107 993 3165 pro
1010 3087 1151 3159 Scaruo,
1177 3109 1209 3166 p.
1235 3086 1274 3146 90
1298 3099 1331 3147 et
1347 3088 1400 3149 97.
1421 3089 1458 3149 ad

138 3200 188 3243 or.
210 3181 241 3241 in
266 3181 307 3240 T.
331 3176 370 3241 C.
393 3198 426 3257 p.
451 3180 504 3239 00.
550 3177 708 3257 Scriptum
733 3189 780 3237 est
804 3179 843 3238 ad
867 3200 917 3239 or.
946 3179 976 3238 iu
1001 3179 1068 3241 Pis.
1095 3202 1128 3259 p.
1155 3184 1185 3241 0.
1210 3180 1231 3241 Ι.
1256 3180 1309 3241 91.
1334 3182 1457 3245 intelli·

135 3274 250 3356 gitrsrs
273 3274 327 3332 sed
344 3271 439 3352 paulo
454 3282 529 3351 post
545 3272 574 3331 iu
594 3270 686 3331 siurili
707 3271 778 3332 loco
795 3293 828 3350 p.
848 3275 898 3331 11.
924 3272 975 3335 lin.
992 3274 1040 3349 0.,
1064 3273 1115 3334 ubi
1135 3273 1247 3334 iterruu
1271 3274 1316 3336 sie
1341 3276 1454 3348 editor,

136 3370 187 3429 ed.
210 3389 261 3447 pr.
286 3378 317 3427 et
339 3367 412 3428 eod.
438 3387 470 3424 n.
493 3367 625 3438 habeut,
658 3364 838 3445 intelligis:
872 3369 958 3447 quod
979 3379 1084 3428 natum
1111 3379 1157 3427 est
1184 3389 1223 3427 ex
1245 3369 1454 3453 listelligitis,

135 3473 172 3524 ut
192 3472 279 3523 reete
303 3460 420 3541 legitur
442 3461 480 3520 ad
504 3479 555 3521 or.
580 3459 609 3519 in
634 3460 675 3518 T.
702 3456 740 3521 C.
763 3481 797 3538 p.
823 3460 875 3520 03.
900 3459 954 3520 lin.
981 3462 1032 3520 10.
1083 3460 1163 3523 Eius
1193 3462 1238 3523 rei
1268 3462 1386 3545 igitur,
1421 3466 1456 3524 de

138 3576 200 3639 qus
230 3552 378 3624 dicimus,
416 3551 469 3611 vix
497 3563 588 3613 tenire
620 3551 784 3631 vestigium
814 3551 844 3612 iu
871 3553 1001 3615 scholiis
1037 3555 1076 3615 ad
1107 3555 1264 3617 Verrinas
1297 3556 1451 3619 occiserit:

137 3648 230 3733 quale
253 3658 299 3709 est
323 3666 355 3705 v.
380 3666 411 3727 g.
434 3647 473 3705 ad
495 3646 549 3706 lib.
575 3645 600 3709 l.
623 3657 685 3708 act.
711 3646 757 3708 ll.
781 3669 813 3725 p.
840 3648 912 3709 109.
934 3660 972 3709 ut
994 3647 1103 3722 eides,
1138 3651 1225 3731 quod
1251 3661 1362 3729 potest
1391 3669 1454 3714 esse

137 3765 178 3806 ex
199 3753 237 3804 ast
258 3738 394 3810 videtis,
430 3738 460 3800 iu
483 3740 605 3801 scholio
628 3742 715 3820 quod
738 3762 777 3800 cx
804 3741 988 3805 Asconiano
1017 3743 1243 3805 cormueutario
1273 3757 1455 3828 excerptum

138 3857 208 3900 esse
236 3854 289 3895 res
318 3835 355 3893 dc
386 3853 447 3914 qua
477 3832 590 3894 dieitur
619 3833 786 3913 probabile
808 3834 896 3897 lacit.
927 3871 967 3879 -
1004 3835 1038 3897 Si
1062 3836 1195 3917 denique
1216 3835 1315 3916 ipsam
1345 3840 1457 3902 horum

138 3928 333 3993 scholiorum
359 3924 496 3987 indolem
518 3939 714 4007 spectamus,
750 3927 925 3990 invenimus
951 3930 1049 4013 longe
1075 3929 1232 3991 diversam
1258 3932 1298 3990 ab
1322 3928 1458 3995 Asconii

140 4021 342 4092 salubritatc;
365 4016 432 4109 sire
452 4021 491 4082 ad
512 4040 547 4081 ea
569 4019 755 4082 attendimus
775 4044 815 4083 cx
837 4023 951 4102 quibus
977 4025 1015 4083 de
1039 4022 1104 4104 ipsa
1126 4045 1265 4104 persona
1291 4021 1458 4086 scribentis

138 4116 280 4180 iudicare
302 4132 487 4194 possumus,
523 4110 591 4176 sive
615 4116 654 4175 ad
679 4136 731 4176 res
758 4138 834 4195 quas
860 4127 990 4189 u·actat‚
1024 4117 1092 4178 sive
1120 4119 1159 4178 ad
1186 4138 1366 4180 sermonem
1393 4134 1458 4201 quo

139 4212 250 4274 utitur.
301 4208 345 4270 Et
370 4204 402 4268 in
426 4207 573 4272 Asconio
601 4207 725 4291 quidem
756 4210 858 4271 statim
886 4209 1086 4293 agnoscimus
1117 4210 1275 4273 lmminem
1305 4210 1467 4273 stantibus.

139 4306 237 4365 rebus
265 4304 302 4363 de
331 4299 445 4384 quibos
474 4300 550 4364 dicit
580 4303 754 4364 viventem:
795 4303 859 4364 vid.
890 4308 1001 4366 ador.
1025 4325 1087 4385 pro
1112 4304 1231 4367 Milon.
1253 4327 1289 4386 p.
1314 4308 1370 4368 13.
1393 4306 1455 4368 tt

139 4415 229 4478 seqq.
251 4397 290 4456 ad
312 4414 362 4458 or.
384 4416 445 4476 pro
468 4393 570 4458 Corn.
593 4418 627 4477 p.
653 4398 704 4456 70.
728 4396 783 4458 liu.
809 4398 827 4457 0
849 4419 921 4481 sqq.
946 4401 982 4458 ad
1006 4419 1057 4460 or.
1081 4420 1142 4480 pro
1165 4400 1220 4462 Se.
1243 4420 1277 4479 p.
1301 4401 1355 4462 97.
1379 4400 1401 4462 Ι.
1429 4402 1456 4459 1.

139 4508 202 4568 pro
227 4488 345 4550 Milon.
370 4506 407 4567 p.
436 4489 488 4553 31.
516 4490 539 4551 l.
569 4491 601 4551 9.
631 4511 664 4573 p.
693 4489 746 4551 39.
772 4490 792 4551 l.
817 4492 869 4552 90.
894 4512 925 4570 ρ.
950 4492 1001 4553 13.
1026 4492 1047 4553 l.
1075 4492 1126 4553 19.
1154 4492 1185 4555 iu
1211 4494 1253 4555 Τ.
1280 4494 1320 4556 C.
1345 4516 1380 4575 p.
1405 4493 1456 4556 00.

141 4581 164 4643 l.
189 4582 261 4642 10.ι
290 4580 320 4640 in
344 4579 474 4645 scholiis
499 4584 538 4644 ad
561 4582 716 4647 Verrinas
737 4584 813 4646 nihil
836 4585 934 4646 simile
960 4584 1114 4658 iuvenies,
1140 4586 1198 4649 nisi
1215 4587 1356 4650 fortasse
1383 4588 1457 4648 delas

140 4673 358 4756 diligentiores
385 4673 621 4758 designationes
652 4676 815 4753 locorum,
850 4678 983 4742 lornicis
1014 4679 1164 4756 Fabiani,
1199 4682 1239 4743 ad
1267 4693 1330 4742 act.
1363 4680 1394 4743 1.
1422 4700 1456 4761 p.

143 4765 216 4829 133.
246 4776 278 4827 et
303 4765 388 4849 signi
411 4768 599 4847 Vertumni,
631 4772 747 4834 adlib.
772 4772 959 4837 1.aet.11.
988 4794 1025 4855 p.
1049 4775 1141 4853 100.,
1175 4773 1231 4837 ubi
1254 4795 1296 4839 ex
1325 4776 1377 4838 ed.
1405 4793 1454 4858 pr.
