3202 5318
470 322 618 389 tuuux
638 323 992 390 Fottutunnttttnt.
1252 365 1257 377 ·
1329 323 1390 388 369

63 473 229 529 numerata
258 473 361 525 autem
390 464 523 544 pecnnia
548 484 663 528 nomen
692 465 815 549 argenti
836 464 970 540 retinet;
1003 462 1141 547 legata
1131 462 1230 548 igitur
1251 462 1389 528 videtur.

65 557 249 642 Topic.,.‘l
275 557 391 620 13.-
414 558 499 621 Vide
522 560 695 645 Legata

149 653 269 717 Arca.
314 651 401 714 Vide
422 653 592 736 Legata

152 744 270 810 Aries
293 746 536 820 stibiicitur,
560 746 592 811 si
614 748 739 811 telum
759 743 1140 831 mauulugitnrugis,
1156 742 1391 829 quamiccit.

65 844 156 924 Top.
180 842 220 903 17
228 882 239 917 ,
263 838 318 902 61.
342 875 382 886 -
405 840 490 902 Vide
512 841 600 905 Edit.
624 862 723 905 meam
747 843 914 906 minorem.

151 937 218 1000 As.
261 935 403 999 Assem
426 955 497 997 sese
519 947 615 1018 negat
637 938 796 999 daturum.
820 955 882 1018 pro
905 933 1056 1015 Quinctio
1078 935 1119 1010 5,
1145 933 1194 999 19.

152 1030 374 1094 Assentior
396 1029 427 1092 in
449 1029 603 1093 sententia
626 1031 786 1094 senatoria
809 1030 952 1092 dicenda.
987 1027 1079 1105 Dic,
1102 1028 1157 1093 Μ.
1181 1026 1307 1092 Tulli.
1330 1024 1395 1099 Cu.

64 1127 226 1210 Pompeio
256 1126 471 1194 assentior.
512 1125 551 1186 ad
579 1124 714 1199 Att..7,
739 1124 778 1199 3,
802 1125 835 1187 5.
871 1154 911 1167 ·-
957 1123 1129 1186 Senatores
1161 1123 1286 1186 rerho
1317 1120 1395 1187 aliua

65 1219 124 1283 alii
151 1220 241 1293 varic
270 1217 612 1286 assentiebantur.
658 1218 725 1282 Sal.
755 1217 854 1283 Catil.
884 1217 937 1280 52.
968 1252 1010 1263 -
1047 1215 1172 1298 Quibus
1199 1217 1244 1281 de
1272 1217 1395 1280 rehua

64 1314 189 1390 refers,
214 1318 257 1381 P.
282 1312 424 1379 Servilio
446 1313 666 1377 assentior.
711 1311 854 1393 Philipp.
881 1315 915 1389 7,
941 1312 1000 1386 18,
1024 1305 1077 1375 27.

155 1410 365 1474 Assiduus.
391 1405 472 1471 Cum
496 1406 547 1469 lex
569 1406 731 1470 assiduo
755 1404 951 1469 uindicem
974 1405 1172 1470 assiduum
1193 1425 1262 1469 esse
1279 1403 1397 1482 iuhcat,

66 1501 261 1586 locupletem
279 1503 367 1567 iubet
388 1499 560 1583 locupleti;
584 1500 728 1583 locuples
750 1500 832 1564 enim
852 1509 901 1564 est
922 1499 1058 1564 assidu
1067 1522 1128 1578 us,
1153 1512 1189 1564 ut
1208 1501 1252 1571 ait
1270 1500 1396 1578 Aelius,

67 1596 249 1679 appellatus
269 1598 311 1661 ah
333 1616 422 1658 asse
443 1597 585 1659 dando.
621 1594 740 1677 Topic.
764 1595 802 1671 2,
828 1596 881 1657 10.

156 1691 431 1756 Athenienses
452 1689 579 1774 leges.
622 1689 708 1752 Vide
730 1688 887 1771 Populi
914 1689 1072 1755 scitum.

154 1784 397 1849 Attrihuere
441 1782 666 1865 pecuniam.
721 1783 862 1847 Pecunia
901 1782 1118 1862 attributa,
1155 1794 1317 1849 numerata
1353 1793 1402 1846 cst

66 1875 250 1962 (qrracstori
272 1899 312 1941 ex
335 1876 490 1954 aerario.)
535 1877 636 1940 Verr.
660 1875 780 1941 Aecus.
804 1878 841 1954 1,
867 1876 926 1953 13,
951 1878 1003 1943 31.

153 1970 318 2036 Auctio.
361 1972 605 2035 Auctionem
630 1973 815 2034 vendere.
846 1991 909 2054 pro
933 1970 1099 2052 Quinctio.
1123 1975 1162 2050 5,
1188 1974 1240 2039 19.
1262 2006 1304 2021 --
1326 1974 1403 2037 Au·

67 2064 244 2130 ctionem
268 2066 535 2130 constituere.
565 2086 628 2147 pro
650 2066 684 2129 S.
707 2065 830 2129 Roscio
856 2065 932 2129 Am.
957 2066 993 2144 8,
1016 2066 1069 2131 23.
1092 2101 1135 2114 -
1156 2066 1402 2132 Auctionem

66 2160 342 2242 proscribere.
364 2170 427 2242 prd
450 2159 601 2240 Quinctio
624 2162 660 2232 1,
688 2159 741 2222 15.

155 2252 374 2317 Auctionis
397 2255 546 2315 tabula.
593 2251 681 2314 Situ
704 2255 820 2316 aedes
842 2251 1100 2334 proscribas,
1123 2253 1300 2318 tabulam
1323 2263 1402 2317 taru-

68 2366 166 2431 quam
188 2349 316 2432 plagam
339 2368 478 2428 ponas.
502 2348 541 2407 de
563 2345 659 2409 offic.
683 2346 720 2422 3,
745 2349 802 2422 17,
826 2348 879 2410 68.

156 2440 451 2506 Auctiouariae
474 2441 654 2505 tabulae.
677 2440 707 2502 iu
732 2438 831 2506 Catil.
855 2442 893 2517 2,
917 2441 952 2515 8,
981 2444 1034 2505 18.

157 2535 312 2600 Auctor
333 2534 561 2600 societatis.
583 2557 646 2618 pro
668 2535 804 2599 Plancio
828 2535 885 2611 13,
911 2536 964 2599 32.

158 2634 383 2694 Auctorem
407 2629 519 2693 lieri.
564 2631 650 2693 Vide
673 2629 834 2695 Civitas
856 2630 1046 2694 Romana.
1091 2629 1301 2695 Libertas.

158 2725 369 2787 Auctorne
392 2746 450 2800 es,
476 2735 517 2786 ut
539 2723 576 2786 in
599 2736 635 2787 te
658 2725 700 2788 P.
724 2724 919 2787 Fonteius
941 2724 1048 2788 vitae
1070 2724 1264 2808 necisque
1291 2736 1403 2809 pote·

70 2828 217 2882 statem
240 2818 383 2881 haheat
405 2829 444 2880 ut
465 2818 503 2882 in
526 2817 638 2882 lilio.
669 2817 869 2900 Adoptiouis
889 2817 1040 2882 formula.
1063 2840 1125 2902 pro
1146 2820 1243 2884 domo
1265 2818 1323 2895 29,
1348 2820 1402 2883 77.

157 2913 374 2976 Auctorita
391 2912 450 2975 sin
466 2925 594 2988 senatu,
620 2922 808 2995 potestas
829 2912 1248 2999 iupopulo.dechg.8,
1267 2912 1326 2990 12,
1344 2913 1399 2977 27.

71 3041 113 3054 -
137 3006 206 3069 lus
229 3005 506 3071 auctoritatis.
550 3008 636 3071 Vide
660 3007 755 3069 Iure
778 3007 943 3088 optimo.

103 3174 108 3181 ¹
158 3100 398 3164 Auctoritas
421 3114 601 3165 senatus.
648 3103 730 3164 Vide
753 3102 922 3167 Senatus
952 3104 1188 3168 auctoritas.

158 3195 401 3258 Auctoritas
423 3197 578 3275 (senatus)
599 3195 846 3278 perscripta.
891 3199 1041 3262 Nondum
1063 3197 1140 3264 satis
1159 3200 1222 3263 hnc
1240 3209 1309 3263 erat
1328 3199 1404 3263 alla·

60 3301 157 3363 tum,
180 3291 345 3372 quomodo
370 3286 492 3353 Caesar
515 3291 617 3353 lerrct
643 3293 681 3353 de
708 3291 964 3356 aiictoritate
992 3292 1235 3374 perscripta.
1267 3294 1305 3355 ad
1326 3297 1398 3358 Au.

75 3384 111 3456 5,
135 3382 174 3457 2,
199 3383 230 3445 3.
254 3413 294 3425 -
318 3383 351 3445 Si
374 3383 445 3467 quis
471 3385 543 3446 huic
566 3387 600 3446 S.
626 3385 668 3449 C.
691 3384 938 3461 intercessisset,
969 3387 1091 3450 senatui
1112 3387 1242 3470 placere
1268 3397 1402 3451 auctu-

75 3477 234 3540 ritatem
268 3476 493 3561 perscribi.
538 3477 666 3543 Caelius
696 3481 736 3542 ad
765 3479 855 3542 Faiu.
887 3481 923 3556 8,
954 3483 990 3556 8,
1026 3484 1056 3544 7.
1090 3515 1133 3528 -
1166 3480 1250 3543 Illud
1276 3489 1404 3543 senatus

75 3571 255 3633 consultum
281 3593 317 3634 ea
347 3571 654 3654 perscriptione
685 3585 732 3635 est
758 3584 820 3636 cet.
859 3576 897 3636 ad
927 3576 1018 3637 Fam.
1046 3576 1083 3650 5,
1113 3575 1150 3650 2,
1184 3575 1234 3649 1.,
1267 3574 1324 3636 uhi
1348 3570 1401 3636 alii

71 3664 422 3748 praescriptione.
468 3669 531 3730 Sed
560 3667 637 3728 illud
668 3687 751 3728 nuuc
780 3667 947 3749 praefero,
972 3668 1032 3730 hac
1054 3667 1228 3732 sententias
1251 3677 1401 3740 ,senatus

73 3758 255 3823 consultum
270 3759 347 3824 illud
371 3783 420 3825 me
445 3773 576 3825 airctore
600 3772 663 3822 tarn
687 3761 864 3825 honorilice
888 3761 918 3824 in
941 3773 972 3825 te
994 3761 1229 3843 scriptumest,
1254 3759 1314 3823 ut”
1334 3769 1398 3822 cot.

160 3854 444 3919 Auctoritates
470 3857 623 3934 (senatus)
645 3856 942 3938 praescriptae.
987 3853 1124 3919 Constat
1152 3856 1197 3918 1..
1227 3851 1396 3927 Crassum,

72 3947 109 4011 id
122 3948 211 4032 quod
225 3949 258 4011 in
279 3949 600 4014 auctoritatibus
623 3949 894 4031 praescriptis
917 3960 1038 4025 exstat,
1062 3948 1232 4012 scribendo
1247 3945 1399 4010 adfuisse.

74 4042 114 4105 de
143 4041 205 4105 Or.
231 4042 268 4119 3,
295 4044 331 4118 2,
355 4046 387 4107 5.
433 4043 501 4123 (Sic
533 4041 673 4105 Bachius
703 4046 743 4105 ad
773 4044 920 4108 Brisson.
954 4064 989 4126 p.
1024 4043 1098 4107 179.
1128 4053 1160 4104 et
1187 4039 1401 4104 Henriehseu.

75 4136 132 4199 Al.
156 4136 433 4219 perscriptis.)

160 4230 328 4304 Audivi,
353 4230 479 4295 testium
506 4251 570 4294 vox
588 4229 744 4314 volgaris.
769 4251 829 4312 pro
849 4228 982 4294 Plancio
998 4230 1053 4306 23,
1069 4232 1121 4293 57.
1146 4261 1182 4274 -
1208 4226 1288 4291 Vid.
1306 4225 1399 4290 etiam

75 4327 285 4409 Augurum
308 4325 522 4390 formulae.

161 4421 304 4504 Augur
325 4420 523 4502 publicus.
547 4421 587 4480 ad
609 4419 701 4481 Fam.
720 4419 759 4493 6,
778 4419 813 4492 6,
834 4420 863 4480 7.
888 4449 928 4461 -—
952 4413 1155 4499 Coeptari
1176 4413 1207 4478 in
1228 4412 1400 4500 collegium

75 4534 246 4598 angurum.
276 4516 314 4577 ‹le
337 4516 408 4598 lege
431 4535 501 4599 agr.
527 4513 564 4589 2,
591 4515 607 4573 7
617 4557 627 4582 ,
652 4512 704 4574 18.
750 4511 891 4594 Philipp.
914 4512 971 4585 13,
995 4513 1033 4587 5,
1059 4512 1112 4573 12.
1135 4544 1176 4557 -
1196 4512 1340 4594 Augur
1362 4512 1402 4573 ad

75 4609 238 4672 meridiem
261 4620 396 4691 spectat.
421 4610 458 4671 de
480 4608 557 4671 Dis.
583 4609 620 4681 1,
647 4607 705 4680 17,
730 4604 784 4668 31.
807 4638 847 4651 -
871 4609 1060 4688 Augures
1082 4605 1186 4669 Nonis
1207 4625 1400 4669 commen·

74 4703 193 4767 tandi
215 4723 332 4766 causa
355 4702 529 4768 convenire
550 4701 708 4764 solebant.
754 4699 846 4761 Lael.
870 4698 908 4774 2,
934 4701 965 4761 7.

163 4799 370 4882 Augurum
399 4796 618 4862 formulae.
664 4795 707 4875 Q.
730 4792 844 4870 Fabi,
873 4804 911 4858 te
932 4792 1026 4859 mihi
1046 4793 1083 4858 iu
1106 4792 1295 4938 auspippo
1315 4813 1404 4859 ease

149 4898 276 4943 emmau.
297 4898 349 4942 cte.
370 4897 414 4941 ιιι.
