3202 5318
194 314 257 384 ιιι
480 396 483 403 ,
680 320 1033 417 monuncourt.
1113 359 1117 367 ·

286 466 350 539 ,C-
368 467 543 529 Gracchus
558 463 661 548 legem
681 463 770 539 tulit,
795 486 834 527 ne
850 466 888 527 de
907 463 1009 551 capite
1032 460 1146 525 civium
1167 464 1387 527 Romanorum
1403 461 1524 528 iniussu

200 571 310 623 vestro
332 560 544 622 iudicaretur:
568 561 619 621 hic
641 559 803 641 popularis
827 555 1017 642 (Labienus)
1038 578 1055 620 a
1078 555 1253 620 duumviris
1275 557 1396 621 iniussu
1418 571 1527 622 vestro

201 675 264 717 nou
286 653 416 717 iudicari
436 657 474 716 de
496 653 567 717 cire
585 656 749 728 Romano,
773 655 829 714 sed
849 653 965 715 indicta
990 673 1085 715 causa
1100 651 1203 714 civem
1219 653 1400 716 Romanum
1417 654 1530 736 capitis

200 749 402 812 condemnari
425 747 567 827 coegit.'’
608 734 673 829 'pro
699 747 810 811 Rabir.
834 749 870 816 1,
898 747 949 809 12.

286 845 355 916 ,At
377 864 457 907 vero
481 841 522 909 C.
548 840 668 907 Caesar
691 841 837 924 intelligit
859 842 962 926 legem
985 841 1228 925 Semproniam
1249 863 1319 907 esse
1346 845 1385 906 de
1406 842 1531 919 civibus

201 936 354 1000 Romanis
381 937 604 1001 constitutam:
641 935 693 1021 qui
721 949 823 997 autem
851 935 898 998 rei
925 937 1070 1017 publicae
1099 934 1141 1000 sit
1167 935 1290 1011 hostis,
1325 959 1396 1000 ιιιιιι
1431 936 1532 1000 uren

205 1038 273 1095 csse
296 1032 384 1095 nullo
405 1034 500 1097 modo
523 1052 636 1112 posse:
662 1030 796 1112 denique
818 1029 920 1112 ipsum
944 1034 1077 1092 latorem
1096 1028 1177 1114 legis
1199 1031 1425 1114 Semproniae
1446 1029 1533 1094 iussu

202 1127 312 1210 populi
333 1146 454 1209 poenas
469 1124 516 1189 rei
536 1125 682 1207 publicae
698 1123 917 1215 dependisse.'’
964 1121 1061 1188 Catil.
1078 1124 1143 1186 lv.
1164 1125 1200 1200 5,
1221 1127 1272 1187 1⁰.
1294 1125 1336 1189 ct.
1353 1125 1383 1190 l·
1403 1127 1460 1200 11,
1479 1118 1531 1188 98.

287 1220 503 1302 „Sententiam
525 1222 642 1282 tulerat
658 1221 854 1293 Gracchus,
873 1230 904 1279 ut
928 1240 966 1280 ne
985 1218 1056 1302 quis
1073 1219 1103 1281 in
1123 1219 1226 1282 civem
1248 1220 1429 1284 Romanum
1449 1216 1534 1300 capi·

202 1315 296 1380 talem
321 1315 504 1378 sententiam
536 1313 687 1379 diceret.'’
732 1313 842 1376 Schot.
867 1315 1022 1377 Ambros.
1047 1336 1081 1395 p.
1106 1314 1179 1375 sto.
1217 1346 1259 1360 -
1299 1315 1418 1397 „Lege
1440 1315 1533 1377 Sem·

199 1409 327 1495 pronia
346 1409 462 1473 iniussu
480 1409 589 1492 populi
607 1430 670 1472 non
690 1408 804 1472 licebat
824 1409 932 1492 quaeri
951 1411 988 1470 de
1005 1408 1110 1491 capite
1126 1405 1204 1470 civis
1220 1406 1393 1473 Romani.’'
1417 1408 1530 1473 Schol.

203 1504 355 1570 Gronov.
378 1526 411 1587 p.
437 1505 510 1568 112.

290 1594 357 1668 Ado
379 1595 501 1685 νόμους
516 1594 683 1713 εἰσέφερε,
707 1594 859 1683 τὸνμὲν,
882 1599 915 1664 εἴ
932 1623 1020 1675 τινος
1041 1593 1200 1685 ἄρχοντος
1220 1590 1373 1706 ἇφηριιιο
1398 1591 1457 1677 τὴν
1472 1591 1531 1705 ἆρ-

199 1689 262 1781 pize
289 1687 308 1758 ὁ
333 1694 453 1804 ὃίιμιις,
487 1688 546 1759 οὐκ
575 1695 676 1759 ἐῶντα
704 1687 807 1784 τούτῳ
837 1686 1037 1797 dcvri9nc’
1018 1693 1121 1780 αρχῆς
1140 1691 1318 1799 μετουσίαν
1340 1679 1443 1769 εἶναι,
1475 1688 1531 1756 τὸν

203 1781 253 1865 δ’,
288 1788 321 1854 εἴ
336 1813 386 1865 τις
407 1784 515 1875 ίίρχων
537 1783 672 1874 ἄκριτον
695 1780 898 1891 e'77s799i9907
920 1787 1071 1866 πολίτην,
1105 1781 1190 1851 κατὰ
1214 1780 1331 1850 τούτου
1353 1785 1464 1873 κρίσιν
1465 1787 1532 1850 δι·

204 1875 305 1948 δόντα
328 1906 376 1990 r9
359 1877 496 1991 6‘9979.
545 1877 678 1947 Τούτων
700 1882 762 1947 τῶν
784 1875 892 1964 νόμων
909 1874 1062 1967 α’νιικρυς
1077 1874 1171 1966 ὁμὲν
1154 1874 1327 1966 νΜάρκον
1342 1874 1533 1946 Ὀκταούϊον

165 1970 320 2084 ἠτίμου
344 1950 401 2040 τὸν
423 1971 486 2041 ino
513 1976 666 2061 Τιβερίου
688 1974 746 2054 τῆς
767 1975 987 2063 δημαρχίας
972 1970 1165 2054 ικιιεσὸντα,
1187 1999 1231 2066 τῳ
1218 1969 1284 2040 d'
1309 1975 1445 2060 ἐνείχετο
1460 1976 1534 2040 Πο-

165 2044 405 2146 scilleos·
368 2071 499 2154 oisog9
487 2067 551 2156 γὰρ
569 2069 760 2158 στρατηγῶν
776 2066 852 2147 τοὺς
872 2070 1024 2158 Τιβερίου
1040 2063 1345 2161 ιριλονςὲξεκηρνξι.
1368 2069 1535 2132 Plutarch.

204 2186 237 2228 v.
263 2162 303 2229 C.
328 2162 520 2228 Gracchis.
544 2166 576 2226 1.

277 2258 340 2323 De
362 2261 420 2320 hac
447 2259 518 2344 lege
541 2259 687 2321 audiatur
709 2262 752 2325 tt.
777 2262 822 2324 A.
846 2261 877 2325 1.
902 2257 1075 2324 Ahrens
1067 2281 1096 2321 ιιι
1103 2254 1270 2323 Ειιιιιιιιι
1293 2259 1333 2322 ad
1356 2254 1534 2323 orationem

207 2352 421 2419 Catilinariatn
446 2365 589 2438 quartam
613 2376 646 2435 p.
672 2354 753 2418 211.

289 2446 361 2511 Etsi
381 2448 605 2510 constitueram
624 2448 699 2510 nihil
723 2447 828 2510 dicere
848 2448 886 2511 de
908 2446 982 2531 lege
1003 2447 1208 2530 Sempronia,
1234 2450 1272 2511 de
1285 2468 1355 2532 ⁴qua
1374 2446 1453 2512 satis
1474 2470 1534 2531 pu·

205 2542 310 2606 tabam
342 2539 571 2624 disputatuma
600 2541 767 2617 Manutio,
800 2545 879 2606 Ant.
911 2542 1112 2625 Augustino,
1145 2543 1353 2618 Hotomano,
1384 2542 1532 2626 sigonio,

192 2635 373 2713 ‘Ernestim
401 2635 591 2709 Hauboldo,
617 2649 801 2700 tamennon
822 2637 882 2699 erit
905 2636 1004 2699 alicua
1023 2635 1194 2718 disputatio
1214 2646 1245 2698 et
1269 2633 1412 2717 perutilis
1432 2636 1533 2700 ratio-

205 2731 296 2795 nibus
318 2730 406 2793 meis.
450 2733 501 2793 Ac
522 2729 647 2793 difficile
666 2741 730 2803 est,
756 2752 821 2792 rem
846 2741 961 2792 tantam
984 2743 1110 2814 tamque
1133 2729 1328 2812 praeclaram
1352 2730 1532 2793 inchoatam

205 2824 399 2907 relinquere.
445 2823 507 2886 Sed
530 2835 564 2886 ut
586 2825 693 2887 verius
712 2825 816 2886 statim
841 2828 904 2888 hoc
925 2824 1058 2888 introitu
1077 2825 1270 2899 disseratur,
1295 2824 1356 2887 iam
1385 2825 1532 2888 conside·

205 2939 327 2993 remus,
352 2938 417 3002 quo
442 2915 483 2981 C.
508 2916 675 2981 Gracchus
698 2919 833 2982 consilio
857 2918 959 3003 legem
984 2919 1103 2981 tulerit.
1150 2921 1218 2982 Nec
1235 2921 1370 2982 obscura
1387 2917 1534 3001 quaestio

201 3022 302 3119 ρει..
312 3011 446 3076 Tiberio
476 3011 577 3075 fratrc
607 3009 677 3075 Caii
702 3011 812 3074 occiso
843 3013 884 3076 Ρ.
910 3012 1053 3093 Popilius
1080 3015 1205 3076 Laenas
1228 3017 1340 3075 consul
1363 3012 1535 3076 crudeliter

205 3104 316 3172 saeviit
332 3107 362 3167 iu
379 3103 498 3169 amicos
514 3105 687 3189 sociosque
706 3104 869 3169 seditionis
886 3107 1106 3182 Gracchanae,
1124 3106 1217 3170 aliis
1208 3129 1238 3169 ιιι
1254 3106 1383 3170 exilium
1400 3104 1534 3180 exactis,

205 3199 367 3285 praesenti
394 3212 498 3262 morte
521 3199 643 3262 affectis
667 3200 747 3262 aliis.
805 3201 879 3306 Quo
904 3200 934 3262 id
957 3203 995 3263 ad
1017 3201 1156 3283 speciem
1184 3201 1256 3264 iusti
1278 3200 1385 3264 iudicii
1410 3200 1536 3263 facilius

207 3295 364 3367 efficeret,
398 3305 525 3356 senatus
555 3292 744 3357 auctoritate
771 3317 810 3357 ex
845 3293 921 3376 ipsis
951 3295 1189 3359 senatoribus
1181 3294 1282 3380 sisque
1312 3293 1448 3358 inimicis
1482 3294 1536 3357 Ti.

208 3389 347 3454 Gracchi
371 3387 479 3469 coegit
508 3386 643 3464 iudices,
677 3389 730 3472 qui
755 3409 881 3465 omncs,
917 3389 1018 3451 sicubi
1044 3389 1183 3470 suspicio
1207 3392 1318 3472 culpae
1349 3402 1535 3471 appareret,

207 3483 320 3565 cupide
342 3484 541 3543 damnabant.
570 3482 649 3544 ,Sed
675 3483 735 3544 alta
761 3494 864 3544 mente
886 3481 928 3547 C.
954 3484 1093 3546 Gracchi
1116 3483 1256 3548 consulis
1279 3483 1399 3547 resedit
1423 3486 1536 3546 crude·

206 3578 293 3665 tius
324 3577 425 3657 Quam
446 3586 479 3638 ut
494 3574 718 3654 ulcisceretur
737 3577 840 3660 legem
857 3578 1002 3640 tribunus
1021 3577 1257 3663 promulgavit,
1277 3598 1314 3639 ne
1331 3598 1401 3661 quas
1418 3598 1536 3640 tntttssu

205 3666 318 3780 Qli
334 3675 372 3734 de
396 3670 500 3750 capite
516 3668 595 3732 civis
613 3671 749 3735 Rotnani
769 3672 942 3746 iudicaret,
968 3694 1099 3755 eamque
1115 3675 1220 3779 legem
1241 3671 1421 3734 incredibili
1436 3672 1536 3754 plebis

207 3764 328 3876 st9dio
336 3765 480 3848 pertulit.
534 3764 694 3829 Sententia
718 3788 796 3830 vero
821 3768 899 3828 haec
921 3767 998 3830 luit.
1038 3770 1086 3829 Ne
1114 3767 1184 3851 quis
1206 3779 1288 3829 esset
1313 3765 1534 3872 magistratus,

209 3861 263 3949 qui
286 3860 406 3925 iniussu
428 3858 539 3942 populi
560 3859 707 3922 iudicium
725 3872 874 3944 cogeret,
900 3883 963 3944 quo
984 3861 1014 3922 iu
1037 3861 1153 3925 iudicio
1173 3862 1211 3924 de
1231 3860 1336 3941 capite
1356 3860 1435 3923 civis
1457 3859 1536 3923 iudi·

211 3969 354 4021 caretur.
378 3954 432 4018 Sic
447 3953 572 4037 quidem
590 3953 708 4018 Cicero
724 3965 756 4017 et
773 3956 962 4018 Plutarchus
979 3967 1127 4020 suctores
1141 3968 1214 4018 stmt
1233 3968 1263 4017 et
1279 3967 1413 4018 eventus
1429 3957 1537 4020 docet.

211 4054 293 4116 Nam
324 4049 470 4130 Popilius
496 4059 609 4112 contra
638 4070 672 4112 se
701 4050 794 4111 latam
818 4051 921 4133 legem
952 4050 1134 4136 intelligens
1161 4054 1328 4132 desperata
1353 4050 1455 4112 salute
1485 4070 1540 4111 sua

212 4146 355 4210 diffidens
379 4144 493 4226 opibus
515 4146 688 4206 amicorum
709 4144 812 4207 solum
836 4145 950 4220 vertit,
974 4157 1024 4222 et,
1048 4145 1181 4209 sirecte
1206 4144 1349 4219 memini,
1380 4165 1422 4206 ex
1448 4143 1540 4206 Italia

212 4242 308 4327 lugit.
354 4241 491 4305 Praeter
512 4259 604 4320 quem
621 4259 684 4301 non
706 4237 833 4301 invenio
857 4240 950 4302 alium
974 4262 1042 4303 esse
1065 4241 1246 4321 expulsum,
1271 4241 1356 4322 quod
1377 4237 1540 4302 sitacium

213 4348 315 4412 esset,
341 4332 382 4399 C.
400 4332 549 4406 Laelius,
574 4353 628 4416 qut
643 4353 769 4414 sapiens
785 4332 886 4395 dictus
902 4344 968 4409 est,
994 4356 1056 4398 non
1073 4334 1238 4420 effugisset
1256 4331 1425 4406 utdtctum
1448 4346 1543 4418 atquc

213 4430 256 4496 C.
280 4429 446 4494 Gracchus
473 4426 609 4491 sortasse
639 4438 807 4538 contentus
830 4441 946 4494 exacto
969 4428 1114 4512 principe
1137 4427 1334 4492 crudelitatis
1358 4427 1454 4491 alium
1478 4449 1541 4497 non

213 4523 385 4589 incessivit.

302 4617 370 4681 Iam
391 4615 530 4700 quidque
550 4615 728 4695 videamus,
753 4619 846 4702 quale
861 4618 918 4696 sit,
943 4621 1030 4704 quod
1047 4640 1087 4683 ex
1103 4618 1161 4694 iis,
1185 4639 1265 4702 quae
1285 4616 1439 4695 diximus,
1464 4639 1542 4683 con·

215 4721 380 4818 sequatur.
425 4711 568 4774 Primum
584 4714 660 4774 lex
651 4735 683 4774 ιιι
700 4713 860 4794 Popilium
879 4714 939 4776 lata
960 4712 1120 4777 nullius
1091 4711 1149 4776 ntsi
1169 4713 1411 4799 magistratuum
1428 4724 1542 4796 poten-

215 4805 290 4871 tiam
312 4803 580 4888 circumscripsit,
610 4826 647 4869 ac
670 4809 707 4870 de
729 4807 856 4889 privato
882 4807 959 4871 nihil
985 4819 1111 4870 cautum
1136 4818 1202 4883 cst,
1227 4805 1346 4893 quod'
1337 4827 1364 4870 ts
1388 4805 1538 4872 iudicium
