3202 5318
626 359 777 427 INDEX
798 361 980 429 LEGUM.
1405 370 1466 432 tat

132 522 218 567 m
241 500 432 567 XXXVII.
457 501 542 584 [50]
572 500 718 565 Soniirz.
763 501 840 566 Tria
864 503 956 567 husius
976 500 1059 588 legis
1083 504 1184 597 capita
1207 503 1281 569 satis
1303 507 1468 574 manifesta

131 594 259 663 hle
286 592 457 663 Ciceronis
482 595 600 659 verbis.
647 597 806 677 Qtrartum
834 608 955 675 atatem,
990 601 1079 681 qrrod
1103 598 1238 682 Pighius
1259 602 1317 678 (Τ.
1341 601 1407 666 1t1.
1431 623 1467 685 p.

132 688 230 770 818.)
252 702 284 754 et
305 688 476 754 Schiitzius
499 691 700 768 addiderunt,
723 691 775 754 uti
797 693 956 757 omnibus
977 692 1106 756 ciuibus
1126 691 1342 780 suffragium
1364 708 1465 772 esset,

133 784 215 873 quid
236 784 298 848 sibi
315 783 409 860 velit,
431 803 496 847 non
516 782 611 847 lactle
614 805 790 870 qumquam
808 784 999 868 perspiciet·
1023 808 1125 871 uentre
1148 786 1369 864 dubitandum,
1394 788 1469 872 quain

132 898 176 944 ex
203 877 392 944 foedissimo
415 878 558 942 virorum
587 878 845 943 doctissimorum
877 899 990 943 errore
1018 893 1123 944 ortum
1144 880 1196 948 sit.
1242 880 1368 946 Scilicet
1391 883 1469 947 male

131 970 363 1041 innumerum
396 974 493 1036 verba
527 971 663 1036 Dionis.
705 972 774 1039 'Pori
797 974 878 1058 γοῦν
911 968 1097 1062 δημάρχου,
1129 975 1188 1041 τοῦ
1221 973 1279 1055 τὴν
1307 978 1369 1062 >aiu
1401 983 1471 1058 τοῖς

132 1060 182 1135 tis
164 1066 372 1159 Housmam)
396 1065 686 1150 συυεξητυσμέυοις
707 1073 903 1152 κατανεῖμαι
925 1069 1160 1154 ἐσηγουμένου,
1183 1066 1472 1187 nponypciapnuror

133 1136 175 1257 ni
202 1156 317 1255 γνώμη
345 1156 384 1227 τὸ
410 1165 477 1226 καὶ
503 1161 600 1227 πᾶσι
629 1165 718 1238 τοῖς
739 1162 952 1240 πολίταις,
983 1155 1072 1242 ὁπως
1094 1158 1192 1230 τοῦτό
1218 1187 1253 1233 τε
1279 1188 1362 1231 αυτο
1388 1166 1471 1274 ῥᾳου

131 1272 356 1347 mouetur
387 1259 443 1320 stol
471 1251 512 1320 τὰ
542 1257 741 1342 πραχθέντα
768 1251 858 1347 αὐτῷ
887 1252 1113 1342 βεβαιώοωσι,
1147 1252 1324 1344 κλήρους
1357 1254 1471 1335 τινὰς

134 1348 348 1430 δοθῆναι·
384 1351 435 1416 int
461 1343 567 1415 πᾶυὸ
594 1351 762 1427 Μέτελλος
786 1326 1035 1434 ἆυιλιοτυμευος
1057 1351 1250 1432 ἐπεξῆλθεν,
1273 1363 1305 1416 et
1328 1374 1367 1416 ex
1388 1351 1471 1437 agri

134 1443 311 1521 medus,
333 1464 417 1529 quae
437 1455 511 1506 sttnt
532 1443 667 1534 κλῆροι,
691 1456 958 1528 composuerunt,
983 1444 1128 1508 mirabile
1150 1445 1254 1524 dictu,
1278 1444 1468 1541 suffragia.

671 1605 940 1669 anntnuranrae

135 1738 226 1805 snut,
262 1725 379 1813 quibus
408 1725 538 1812 largitio
567 1726 715 1791 frumeuti
741 1726 827 1809 plebi
855 1747 895 1789 ex
922 1726 1047 1793 aerario
1076 1727 1217 1793 iacienda
1245 1726 1412 1811 proposita
1439 1738 1471 1792 et

134 1820 257 1887 tandta
285 1834 346 1886 est.
391 1821 488 1885 De‘’
468 1843 506 1884 us
532 1821 602 1884 vide
627 1821 771 1904 Lipsium
795 1822 902 1887 Elect.
925 1823 953 1888 l
978 1825 1033 1899 8.,
1069 1822 1123 1908 qui
1146 1835 1249 1887 tamen
1273 1846 1336 1887 non
1361 1843 1471 1887 omnes

135 1913 225 2001 leges
247 1915 471 1979 frumentarias
495 1916 777 1991 cornmemoravit,
803 1912 834 1979 el
853 1915 1014 2007 vincentii
1030 1915 1208 1982 Contareni
1223 1919 1262 1981 de
1281 1918 1470 1982 frumentur.

135 2010 235 2075 lion.
261 2010 434 2095 largitione
461 2010 597 2084 librum,
632 2009 754 2095 inquo
781 2010 932 2092 Lipsiana
959 2012 1197 2074 examinantur.
1232 2013 1346 2094 qrribus
1375 2014 1471 2075 addas

136 2104 209 2169 lieet
235 2104 372 2169 collecte
398 2104 601 2170 Hortensii
594 2126 624 2169 m
652 2109 704 2168 ed.
736 2104 904 2171 Ciceronis
936 2107 1104 2172 Olivetana
1133 2128 1166 2188 p.
1196 2106 1254 2169 tut
1286 2128 1355 2192 seq.
1391 2108 1472 2171 ttae

137 2212 241 2263 autern
264 2201 325 2263 lrae
346 2212 440 2264 sunt:
474 2199 694 2284 Sempronio,
726 2199 914 2284 Appuleio,
946 2201 1064 2276 Liuia,
1096 2200 1217 2265 Cossio
1238 2212 1268 2264 et
1292 2199 1469 2273 Terentia,

136 2294 280 2371 Clodio,
303 2295 461 2361 Octauio.
499 2297 583 2361 Enu.

513 2475 633 2539 Fortu.
679 2473 763 2538 Vide
787 2470 900 2538 A‘nnta
923 2483 953 2537 et
976 2473 1095 2537 Fortu.

618 2646 725 2710 Portu
748 2645 789 2708 de
811 2644 992 2729 religione.

221 2766 362 2853 „Credo
385 2779 416 2832 te
440 2767 579 2843 audisse,
603 2790 674 2832 curn
699 2770 783 2850 apud
807 2765 977 2832 Caesarem
995 2785 1056 2848 pro
1073 2764 1195 2846 poptrlo
1211 2762 1320 2840 lieret,
1347 2763 1469 2830 venisse

137 2884 178 2929 eo
197 2864 348 2929 muliebri
372 2863 488 2927 vestitu
515 2863 634 2939 virum,
659 2863 754 2946 idque
776 2859 966 2924 sacrificium
983 2881 1053 2923 curn
1075 2859 1215 2944 virgines
1230 2858 1468 2934 instaurassent,

139 2960 331 3023 tentionem
362 2979 378 3020 a
410 2958 453 3038 Q.
483 2955 661 3022 Cornificio
686 2957 718 3019 iu
741 2968 850 3020 senatu
874 2955 1011 3018 lactamt
1050 2966 1161 3037 postea
1186 2975 1251 3017 rem
1278 2976 1318 3017 ex
1342 2970 1469 3019 senstus

138 3055 288 3117 consulto
305 3055 345 3115 ad
365 3052 532 3135 pontifices
554 3054 685 3115 relatam
709 3051 802 3134 idque
826 3053 865 3112 ab
888 3049 925 3113 iis
951 3049 1039 3113 nefas
1064 3071 1131 3112 esse
1153 3052 1332 3125 decretum,
1359 3054 1470 3114 deiude

138 3166 179 3209 ex
201 3160 332 3211 senatus
355 3147 504 3210 consulto
525 3149 671 3210 consules
696 3145 896 3229 rogationem
920 3145 1160 3228 promulgasse;
1185 3144 1281 3206 uxori
1298 3142 1468 3209 Caesarem

138 3241 282 3305 nuntium
301 3242 472 3305 remisisse.
519 3243 555 3304 ln
579 3243 637 3303 hac
658 3262 751 3302 causa
775 3239 854 3302 Piso
871 3239 1001 3300 amicitia
1020 3240 1061 3303 Ρ.
1078 3237 1184 3304 Clodii
1206 3242 1316 3304 ductus
1337 3262 1468 3324 operam

138 3336 211 3411 dat,
235 3348 269 3397 ut
292 3357 328 3400 ea
347 3336 498 3421 rogatio,
524 3358 615 3419 quam
640 3335 709 3417 ipse
730 3334 792 3396 lert
816 3347 846 3397 et
865 3334 930 3396 sert
954 3355 992 3395 ex
1011 3345 1136 3396 senatus
1159 3336 1307 3397 consulto
1329 3337 1370 3400 cle
1392 3338 1472 3401 reli·

136 3430 245 3515 glum
266 3428 461 3515 antiquetur.
506 3430 658 3494 Messalla
684 3430 887 3491 vehementer
910 3430 1012 3491 adhuc
1038 3426 1105 3512 agit
1128 3449 1254 3493 severe.
1300 3431 1382 3494 Boni
1411 3430 1471 3493 viri

136 3522 291 3609 precibus
315 3523 421 3589 Clodii
445 3538 651 3588 removentur
673 3547 689 3586 a
712 3545 822 3596 causa3
848 3544 965 3605 operae
987 3536 1229 3602 comparantur3
1254 3525 1472 3606 nosmetipsi,

135 3616 197 3703 qni
226 3618 390 3705 Lycurgei
421 3642 436 3682 a
466 3618 623 3701 principio
652 3619 838 3690 fuissemus,
875 3615 1017 3701 quotidie
1047 3616 1288 3700 demitigamur;
1323 3619 1415 3681 instat
1439 3632 1470 3681 et

135 3726 236 3797 urget
257 3710 354 3780 Cato.
399 3713 486 3794 Quid
503 3712 620 3776 multa?
643 3715 791 3787 Vereor,
817 3733 856 3774 ne
878 3713 972 3786 haec,
998 3712 1142 3793 neglecta
1166 3732 1182 3772 a
1207 3711 1317 3787 bonis,
1343 3713 1470 3775 defensa

134 3810 179 3873 st·
208 3806 382 3891 improbis,
420 3829 608 3892 onagrorum
634 3806 681 3870 rei
707 3808 851 3889 publicae
879 3806 1033 3868 malorum
1065 3826 1157 3868 causa
1191 3804 1287 3868 sint.”
1331 3807 1369 3866 ad
1398 3807 1470 3868 Au.

134 3902 165 3972 l.
190 3902 311 3980 tm.
334 3934 374 3947 -
413 3903 635 3986 „Hortensius
663 3900 876 3981 excogitavit,
913 3910 946 3960 ut
972 3899 1072 3985 legem
1097 3900 1138 3962 cle
1160 3899 1327 3984 religione
1350 3898 1473 3977 rufina

133 4000 289 4064 tribunus
309 3998 411 4081 plebis
432 4000 547 4062 ferret:
571 3997 679 4079 inqua
697 3996 771 4059 nihil
795 3995 911 4057 aliuda
931 3993 1094 4059 consulari
1112 3995 1282 4080 rogatione
1304 3993 1473 4057 differebat

133 4092 198 4159 nisi
223 4091 361 4157 iudicum
388 4091 519 4178 genus.''
550 4095 588 4154 ad
612 4093 682 4154 ΑΝ.
706 4091 734 4155 1.
762 4093 822 4164 16,
848 4090 880 4152 2.
939 4089 943 4095 ’

228 4186 310 4250 Lata
331 4197 379 4250 est
402 4207 417 4248 a
440 4190 482 4271 Q.
501 4186 603 4264 Fufio
622 4187 748 4249 Caleno
764 4183 894 4246 tribuno
910 4182 1011 4264 plebis
1036 4204 1066 4246 a.
1091 4205 1122 4247 u.
1148 4205 1176 4245 c.
1202 4179 1275 4245 692.
1319 4179 1360 4244 Ei
1381 4198 1474 4242 oeca-

134 4282 264 4349 sionem
294 4281 381 4345 dedit
407 4279 553 4346 Clodius.
601 4278 664 4359 Qui
690 4301 759 4340 cum
784 4299 871 4339 sacra
901 4278 1011 4341 Bonae
1037 4278 1126 4342 Deae
1154 4273 1341 4357 polluisset,
1378 4284 1407 4335 et
1434 4273 1473 4335 de

133 4400 171 4443 ea
189 4398 231 4441 re
253 4374 378 4441 eSCtn
401 4376 577 4441 consularis
597 4374 725 4459 rogatio
747 4372 830 4434 lacta
848 4383 948 4440 esset,
974 4393 1013 4433 ex
1034 4393 1094 4453 quta
1114 4392 1129 4434 a
1147 4380 1296 4452 praetore
1310 4365 1340 4430 in
1355 4364 1475 4430 iudicio

135 4470 303 4539 Clodiano
327 4469 447 4533 iudices
470 4472 671 4555 legerentur,
697 4466 879 4548 amicusque
903 4463 1010 4530 Clodii
1035 4464 1145 4527 Fulius
1171 4464 1311 4537 videret,
1344 4483 1379 4524 ea
1404 4461 1475 4546 lege

135 4568 265 4651 perlata
296 4585 394 4652 aegre
425 4566 548 4628 serrari
578 4584 674 4647 posse
697 4560 864 4633 Clodiun1;
899 4558 1000 4621 tulit
992 4580 1076 4640 ipse,
1111 4571 1142 4619 ut
1170 4556 1286 4619 iudices
1310 4568 1397 4621 sorte
1420 4558 1478 4619 du·

138 4673 310 4737 mentm,
341 4660 493 4744 qtrodtta
525 4658 649 4722 facilius
674 4665 799 4740 putsret
825 4653 943 4716 iudices
971 4651 1127 4716 eiusmodi
1153 4652 1240 4725 lore,
1271 4650 1382 4735 quise
1405 4671 1479 4713 cor-

138 4756 244 4839 rumpi
269 4756 421 4821 sinerent.
465 4754 544 4819 Eius
564 4752 645 4838 legis
668 4751 820 4814 defensor
839 4748 899 4812 luit
923 4745 1134 4822 Hortensius,
1160 4750 1246 4831 quod
1267 4766 1283 4808 a
1305 4744 1479 4830 rogatione

142 4849 306 4998 ungulari
332 4850 408 4915 solo
382 4868 555 4999 cmgtllm
577 4848 716 4912 iudicum
741 4842 915 4920 differret,
929 4853 1137 4928 putaretque,
1162 4843 1256 4906 nullis
1285 4839 1371 4982 illroeun
1396 4835 1479 4901 iudi·

252 4958 341 5001 01111.
