3204 5296
562 298 994 410 eunuco-carmus.
1230 324 1233 329 ’
1417 346 1456 409 u

136 480 172 542 ad
199 479 276 544 Au.
305 482 390 546 XV.
423 482 482 558 13,
517 482 551 544 3.
574 513 615 526 -
667 485 855 565 „Excudent
879 484 998 568 aliquid
1015 488 1271 573 Ἡρακλειδεῖον,
1302 487 1390 572 quod
1409 487 1456 549 la-

134 583 197 638 teas
217 573 250 639 in
275 575 433 639 thesauris
456 575 559 640 tuis.’'
610 579 649 639 ad
680 580 753 641 Au.
775 579 858 642 XV.
883 579 942 655 27,
975 581 1008 642 2.
1031 614 1072 627 -
1118 583 1401 666 ,“Ηρακλιιδει”σν,
1430 578 1458 642 si

134 668 341 733 Brundisium
364 669 464 744 salvi,
489 669 678 735 adoriemur.
693 672 711 698 '’
740 674 779 734 ad
800 675 872 736 Att.
900 673 1001 737 XVI.
1024 674 1062 751 2,
1094 675 1126 737 6.
1150 708 1190 720 -
1234 678 1456 759 „sseuloypa-

134 774 218 844 osas
237 762 402 828 Varronis
423 762 483 827 tibi
504 766 638 847 probari
662 786 724 837 non
748 766 880 829 moleste
900 765 995 831 lero:
1024 789 1041 831 a
1068 789 1134 852 quo
1159 769 1259 832 adbuc
1279 770 1456 853 Ἥρακλιι-
1490 776 1493 781 ’
1538 840 1541 845 ,

134 862 221 923 utos
245 857 327 922 illud
360 879 425 923 non
447 858 602 923 παιδί’
652 861 691 923 ad
717 860 912 925 Att.xV1.
941 864 997 938 11,
1034 862 1066 924 3.
1090 895 1132 908 -
1183 862 1259 943 „De
1279 862 1458 949 Ἡρακλει-

134 955 208 1033 letos
242 953 423 1031 Varronis,
448 954 579 1037 negotia
601 953 707 1017 salsa:
731 974 779 1016 me
797 954 922 1034 quidem
942 954 1018 1017 nihil
1037 977 1175 1040 uuquam
1196 954 1242 1018 sic
1257 953 1457 1019 delectavit.''
1567 958 1573 967 ’

133 1048 171 1109 ιδ
192 1046 269 1110 Att.
292 1046 394 1110 XVI.
418 1047 473 1110 12.

214 1140 388 1228 Ἡρώδης,
420 1141 598 1215 Herodes,
632 1142 843 1226 philosophus
866 1142 1085 1219 Atheniensis,
1115 1145 1240 1226 dequo
1271 1140 1338 1205 vid.
1368 1140 1460 1207 Ono·

134 1235 307 1301 masticou.
358 1234 546 1322 ,Ἦράδης,
575 1237 602 1297 si
624 1237 722 1301 homo
743 1247 842 1311 esset,
873 1259 943 1300 eum
974 1236 1246 1316 (Dicaearchum)
1273 1236 1381 1320 potius
1412 1238 1460 1300 le·

135 1341 249 1413 geret,
274 1350 368 1412 quam
392 1351 482 1392 unam
506 1330 642 1392 litteram
664 1329 861 1394 scriberet.’'
907 1335 945 1394 ad
967 1333 1037 1395 Ait.
1060 1332 1107 1394 II.
1132 1332 1169 1407 2,
1195 1331 1227 1393 2.
1306 1368 1319 1397 τ

216 1424 387 1513 Ἥρωικά,
407 1424 559 1488 heroica.
604 1427 642 1487 ad
663 1426 736 1503 Att.
760 1426 861 1488 xlv.
888 1426 948 1502 15,
973 1427 1005 1488 2.

213 1517 350 1604 Ἥρως,
373 1520 487 1583 heros.
512 1518 712 1598 „Rabienum
736 1520 834 1582 heroa
854 1519 1000 1584 iudico.''
1023 1523 1063 1583 ad
1084 1519 1154 1584 Att.
1175 1520 1261 1583 VlI.
1280 1521 1350 1598 ssa,
1375 1523 1405 1585 1.
1420 1556 1461 1567 -

135 1611 284 1695 „Nostri
305 1623 408 1676 autem
431 1613 552 1700 ἥρωες,
583 1614 671 1695 qttod
693 1633 751 1694 per
773 1613 861 1694 ipsos
884 1613 999 1676 confici
1019 1614 1142 1695 potuit,
1175 1613 1408 1698 gloriosissime
1429 1626 1462 1678 et

134 1706 449 1792 magnificentissime
472 1707 720 1772 coniecerunt.’'
764 1708 802 1768 ad
836 1707 907 1769 Att.
941 1708 1043 1771 XIV.
1078 1709 1115 1782 1,
1151 1708 1183 1770 2.
1218 1738 1258 1751 ·-
1311 1708 1463 1773 Octavia-

134 1823 195 1864 nus
211 1800 404 1883 „videbatur
419 1822 496 1886 erga
512 1812 643 1865 nostros
665 1801 775 1888 ἥρωας
791 1800 832 1863 ita
854 1801 939 1876 iore,
964 1811 999 1863 ut
1013 1822 1072 1867 nos
1087 1801 1254 1880 vellemus,
1272 1802 1468 1866 animatus.''·

135 1897 176 1958 ad
196 1897 273 1961 Att.
295 1897 378 1960 XV.
403 1896 459 1971 12,
485 1895 517 1957 2.
719 1974 722 1986 ι

218 1993 422 2069 Ἡσίτησας,
445 2011 471 2052 ο.
488 1990 565 2054 cibo
586 1989 795 2055 abstinuisti.
841 2037 855 2063 ‚,
863 1992 966 2072 Spero
982 1989 1041 2053 tibi
1058 1989 1117 2053 iam
1134 2010 1223 2065 esse,
1248 2000 1283 2054 ut
1299 1992 1461 2068 volumus,

136 2084 289 2168 qnoniam
317 2084 444 2168 quidem
480 2087 656 2163 niatronae,
692 2106 765 2149 eum
796 2084 911 2148 leviter
943 2096 1120 2151 commotus
1149 2082 1277 2148 esses.''
1322 2090 1362 2149 ad
1390 2088 1462 2151 Aer.

136 2179 241 2243 xlv.
265 2180 304 2255 5,
330 2183 361 2241 1.

218 2276 273 2338 Ἢ
290 2277 427 2349 σκολιάς
445 2274 590 2350 ἀπάτας,
613 2275 734 2358 Supple
757 2297 797 2338 cx
820 2277 955 2341 Platone
977 2277 1020 2340 L.
1042 2275 1090 2340 II.
1115 2275 1169 2359 [p.
1192 2274 1253 2338 365
1280 2274 1343 2356 Β.]
1366 2277 1405 2339 de
1427 2298 1463 2339 re

135 2365 269 2449 publiea
300 2382 403 2446 τεῖχος
427 2368 572 2447 ἀναβάς,
601 2390 647 2431 απ
675 2369 830 2454 obliquae
859 2383 891 2433 et
924 2381 1082 2435 persistas
1098 2366 1255 2460 fraudis
1280 2388 1466 2434 conscenso

137 2483 256 2526 muro.
299 2462 383 2526 Eua.
434 2465 556 2536 „Nunc
579 2485 628 2527 me
651 2463 723 2527 iuva
746 2464 898 2539 consilio,
931 2464 1067 2551 πότερον
1095 2470 1188 2538 δίκας
1215 2476 1317 2541 τεῖχος
1346 2464 1465 2542 ὕψιον,

138 2556 171 2618 id
205 2567 275 2631 est,
320 2567 424 2620 utrum
467 2568 577 2640 aperte
620 2558 778 2622 hominem
820 2580 974 2641 aspernor
1006 2570 1039 2622 et
1071 2578 1235 2641 respuam,
1277 2561 1299 2635 ἦ
1330 2563 1466 2634 σκολιάς

139 2649 313 2726 ἀπάτας.”
364 2653 403 2712 ad
424 2651 496 2714 Art.
517 2652 620 2714 xlu.
649 2651 704 2726 38,
729 2652 761 2714 2.
806 2652 954 2716 Platonis
978 2654 1075 2714 verba
1096 2652 1176 2714 baec
1197 2663 1290 2714 sunt:
1338 2657 1466 2737 ,Λέγοι

140 2745 204 2831 γάρ
229 2747 274 2810 ἄν
289 2749 407 2810 ἐκτῶν
431 2747 562 2812 εἰκότων
580 2746 661 2832 πρὸς
680 2746 781 2811 αὑτὸν
801 2748 886 2810 κατά
908 2751 1082 2832 Πίνδαρον
1099 2756 1202 2810 ἐκεῖνο
1220 2745 1256 2810 τὸ
1276 2746 1466 2832 Πότερον

141 2846 234 2921 δίκᾳ
261 2853 393 2917 τεῖχος
423 2841 548 2919 ὕψιον
577 2844 599 2918 ἤ
625 2847 818 2915 σκολιαῖς
845 2842 1026 2916 ἀπάταις
1060 2840 1221 2919 ἀντιβὰς
1251 2852 1319 2904 καί
1346 2852 1466 2924 ἐμαυ-

142 2936 209 3000 ιόν
233 2934 338 2999 οὕτω
361 2936 617 3022 περιφράξας
648 2941 804 3012 διαβιῶ
813 2958 820 3008 ;
844 2937 884 2997 ad
906 2957 998 3018 quem
1022 2936 1126 2997 locum
1153 2935 1325 2996 audiendus
1347 2934 1378 2995 in
1399 2933 1467 3015 pri·

148 3030 203 3090 mis
231 3026 273 3092 C.
292 3029 335 3092 E.
353 3028 435 3094 Chr.
453 3030 641 3092 Schneider:
664 3031 766 3102 „Anto
791 3029 968 3091 Bekherum
983 3029 1148 3112 legebatur
1171 3032 1262 3101 δίκας
1278 3038 1310 3089 et
1331 3031 1467 3102 σκολιάς
1511 3068 1514 3073 ·

144 3124 297 3200 ἀπάτας,
324 3144 384 3186 uec
406 3122 497 3186 aliter
519 3121 638 3187 Cicero
662 3126 699 3184 ad
722 3124 794 3187 Ait.
825 3124 868 3184 L.
901 3124 1002 3185 XIII.
1034 3145 1084 3204 ep.
1112 3123 1165 3184 38.
1195 3124 1306 3185 eodem
1334 3122 1468 3185 Pindari

142 3219 213 3282 loco
249 3229 341 3280 utens
371 3217 462 3300 legit.
515 3217 578 3278 Sed
600 3216 644 3279 ibi
667 3217 792 3279 codices
815 3216 927 3297 opliiui
950 3216 1040 3280 Bosii
1062 3222 1210 3290 σκολιαῖς
1235 3216 1380 3299 ἀπάταις
1409 3217 1466 3278 ha·

141 3313 240 3388 beot,
273 3323 305 3375 et
327 3311 357 3374 iu
381 3312 482 3374 altero
506 3310 756 3383 Oxouiensiuru,
792 3311 846 3393 qui
870 3313 963 3374 arubo
993 3316 1084 3385 δίκας
1114 3325 1215 3388 τεῖχος
1243 3310 1345 3389 ὕψιον
1373 3309 1467 3373 omit·

141 3417 231 3481 tunt,
265 3417 313 3468 cst
336 3411 471 3480 σκολιάς
496 3405 649 3478 ἀπάταις.
695 3403 839 3485 Epistola
864 3416 965 3467 niuem
994 3409 1059 3480 th,
1082 3427 1143 3489 qua
1164 3405 1278 3466 iterum
1302 3404 1381 3467 haec
1403 3406 1466 3469 διιο

146 3503 245 3563 rerba
268 3501 400 3567 Piodari
423 3498 566 3572 adhibet,
591 3499 670 3560 alter
692 3518 732 3559 ex
755 3499 901 3562 Bosianis
926 3511 957 3561 et
979 3501 1072 3562 arubo
1097 3498 1296 3564 Oxonienscs
1319 3505 1468 3574 σκολιαῖς

142 3597 289 3671 ἀπάταις
317 3597 452 3668 haberit,
483 3602 517 3654 ut
538 3593 631 3655 etiam
655 3590 774 3656 Cicero
797 3599 871 3673 δίκᾳ
895 3605 926 3655 et
949 3600 1096 3667 σκολιαῖς
1122 3592 1266 3667 ἀπάταις
1296 3592 1413 3676 legisse
1436 3606 1467 3656 et
1556 3630 1558 3634 ·

141 3691 207 3772 ipse
240 3690 360 3753 dixisse
390 3688 549 3750 videatur.
603 3685 721 3750 Similis
749 3688 869 3768 primae
900 3685 1047 3750 editionis
1071 3697 1102 3748 ct
1124 3696 1277 3748 mstorum
1307 3686 1464 3750 dissensio

142 3795 187 3847 est
218 3785 250 3847 in
273 3781 411 3848 Maximi
433 3781 510 3844 diss.
533 3781 672 3845 XVIII.
695 3779 776 3856 inu,
802 3781 855 3843 illa
885 3783 937 3862 (p.
970 3783 1044 3859 10.)
1077 3782 1213 3867 πότερον
1242 3785 1333 3855 δίκας
1362 3795 1466 3858 τεῖχος
1545 3786 1549 3791 “

140 3881 244 3958 ὕψιον
269 3881 291 3957 ἧ
314 3880 449 3952 σκολιάς
471 3877 602 3950 ἀπάτας
620 3878 814 3958 ἀναβαίνειν
840 3876 1029 3954 εῗπιχδόνιον
1051 3888 1140 3958 γένος
1158 3873 1357 3958 ἀνθρώπων,
1388 3879 1466 3953 δίχα

140 3999 195 4056 μοι
230 3972 307 4047 νόος
347 3975 519 4058 ἀτρένπιαν
557 3980 672 4046 εἰπεῖν,
707 3981 739 4032 ct
771 3969 883 4032 iterum
919 3971 1055 4057 πότερον
1084 3976 1175 4045 δίκας
1210 3982 1312 4046 τεῖχος
1340 3968 1465 4047 ὕψιον,

141 4072 159 4144 ἢ
183 4069 248 4150 μή·
279 4078 311 4130 et
336 4066 433 4129 tertio
458 4066 508 4132 ὅτι
535 4078 590 4130 ναὶ
619 4071 709 4140 δίκας
741 4079 843 4144 τεῖχος
869 4064 987 4143 ὕψιον,
1019 4076 1076 4128 καί
1101 4066 1144 4146 μή
1176 4066 1312 4137 σκολιάς
1336 4062 1467 4137 ἀπάτας

141 4165 340 4243 ἀναβαίνειν
360 4161 550 4239 ἐπιχθόνιοι
568 4173 657 4243 γένος
681 4159 864 4244 ἀνθρώπων
887 4161 1073 4234 exhibente,
1098 4157 1263 4222 codicibus
1285 4176 1366 4218 vero
1389 4157 1469 4220 diio-

140 4257 199 4319 bus
230 4277 249 4318 a
280 4255 419 4320 Davisio
448 4253 572 4318 collatis
601 4253 725 4318 dativos
756 4254 1002 4336 praebentibus,
1035 4274 1117 4337 qiros
1139 4251 1279 4313 restituit
1300 4249 1466 4315 Davisius.

142 4349 291 4435 Denique
323 4372 365 4412 cx
391 4350 524 4424 Attico,
559 4349 756 4431 philosopho
786 4347 972 4420 Platonico,
1008 4345 1165 4409 Eusebius
1193 4364 1306 4425 praep.
1337 4365 1391 4407 ev.
1422 4346 1466 4407 L.

143 4447 222 4510 XV.
249 4467 286 4527 p.
311 4445 389 4507 166.
414 4444 457 4507 R.
481 4444 594 4524 Steph.
617 4444 696 4505 hace
717 4444 835 4505 refert:
866 4442 1002 4527 πότερον
1031 4441 1069 4518 δὴ
1096 4442 1165 4503 κατ’
1186 4444 1274 4515 ἴχνος
1298 4438 1417 4518 ὕψιον,
1447 4440 1470 4516 ἤ

144 4547 293 4617 σκολιαῖς
314 4539 461 4614 ἀπάταις
484 4543 659 4621 ἀντιβαίνει
682 4537 871 4616 ἐπιχθόνιοι
897 4549 986 4618 γένος
1011 4536 1157 4620 ἀνδρῶν,
1186 4532 1218 4594 in
1240 4530 1355 4613 quibus
1376 4528 1471 4614 prior

145 4633 271 4699 latim
299 4634 389 4697 nullo
420 4635 554 4717 negotio
584 4632 782 4718 agnoscitur.
832 4631 899 4693 Iam
928 4649 1009 4692 vero
1032 4629 1071 4691 ab
1094 4629 1155 4689 hac
1177 4624 1363 4700 Ciceronis,
1397 4625 1473 4687 Ma-

146 4729 235 4808 ximi,
272 4727 377 4794 Attici
403 4728 541 4794 lectione
571 4727 769 4793 Platonicam
798 4727 955 4788 diversam
984 4743 1048 4787 nou
1080 4720 1180 4785 luisse
1209 4719 1337 4784 codices
1367 4718 1473 4780 deela-

147 4837 225 4891 raut.
247 4859 290 4871 —
313 4859 357 4871 —-
380 4823 570 4890 Orationem
590 4820 691 4907 ipsam
714 4841 794 4886 vero
817 4817 917 4883 multo
940 4815 1168 4902 elegantiorem
1191 4826 1224 4879 et
1245 4813 1391 4879 Pindaro
1411 4830 1476 4874 ma-

213 4941 344 4991 Onomnst.
364 4941 419 4989 Cic.
440 4942 485 4988 ΙΙΙ.
1312 4927 1327 4974 l
