3202 5318
215 320 275 365 xiv

301 437 364 503 XI.
398 438 647 520 «Epistularum
669 451 690 497 a
712 433 763 499 M.
785 432 894 497 'fullio
916 430 1080 497 Cicerone
1107 430 1307 514 scriptarum
1328 431 1480 494 seriem:
1507 432 1543 492 ut

217 575 326 640 denno
350 574 503 639 ordinata
525 577 578 638 est
598 574 642 637 nb
663 573 792 637 Ioanne
814 569 856 636 de
879 570 1021 637 Grnber.

298 714 380 778 XII.
405 712 523 775 «Fasti
546 712 741 777 consulares
765 708 990 774 Romanarum
1014 726 1118 793 usqne
1140 707 1184 772 ad
1206 710 1344 773 mortem
1365 705 1545 771 Iustiniani

215 852 431 935 Imperatoris
445 850 488 914 ael
511 848 605 913 iidem
628 850 824 931 optimorum
845 852 1017 913 auctarum
1039 848 1238 935 recogniti,⁸
1264 864 1337 912 enin
1352 846 1467 909 Fastis
1481 846 1545 908 tri-

215 988 424 1071 umphalibus
456 992 490 1052 et
524 988 624 1050 novis
653 987 784 1051 illarum
806 986 1071 1073 Fragments-a
1098 984 1172 1051 Fen
1200 984 1308 1049 editis.
1364 980 1546 1049 ordinavit

214 1126 382 1211 Baitenn,
393 1124 556 1191 consuitis
567 1125 724 1207 inprimis
735 1120 889 1212 Sigania,
899 1122 1066 1207 Batanaia,
1078 1122 1344 1202 Alinelnveenia,
1357 1120 1544 1202 Piranesii»,

213 1264 378 1345 Marinio,
400 1262 611 1347 Marmenia,
633 1258 900 1345 Sanclementia,
923 1262 1134 1349 Borgheen,
1156 1260 1244 1349 Fen,
1266 1261 1461 1326 Laterentio.
1503 1262 1542 1325 ln

214 1420 255 1466 eo
277 1404 388 1465 auten
409 1402 550 1465 maxime
570 1402 774 1482 elaboravit,
797 1400 912 1465 addito
928 1400 1044 1467 Indice
1066 1401 1349 1485 locupletissimo,
1371 1420 1442 1464 nan
1464 1404 1544 1463 tan-

215 1536 380 1601 tumnodo
402 1539 552 1626 gentium
574 1542 723 1625 nomina,
744 1540 806 1605 seil
828 1543 927 1605 etiam
949 1541 1150 1627 cogitamine
1171 1542 1281 1603 omitia
1297 1539 1485 1623 complexo,
1506 1542 1566 1617 nt,

83 1717 87 1726 -
215 1680 250 1740 et
282 1676 499 1765 clironologis
536 1682 571 1743 ei
605 1678 697 1745 lctis
734 1680 866 1745 facilior
897 1680 1075 1744 Fastorum
1107 1697 1187 1741 usus
1221 1678 1325 1743 fieret.
1377 1678 1544 1742 Rationes

215 1833 297 1879 vero
330 1819 365 1879 et
392 1818 614 1881 auctoritates
636 1820 777 1882 anitium
805 1836 935 1897 earum,
957 1836 1042 1902 quae
1063 1819 1162 1882 aliter
1184 1836 1281 1902 quaem
1302 1816 1392 1901 apud
1414 1817 1544 1901 priores

214 1954 399 2018 constituta
419 1960 512 2038 snnt,
534 1956 648 2020 afferri
671 1954 747 2021 ideo
769 1976 837 2021 non
859 1960 1034 2041 poterant,
1065 1974 1108 2021 ne
1129 1958 1164 2020 in
1185 1957 1318 2021 nimiam
1337 1956 1457 2021 ntalem
1479 1974 1542 2021 ex-

214 2095 384 2157 cresceret
407 2096 512 2158 totuin
535 2098 684 2159 nostrnni
707 2086 891 2175 σύνταγμα.

298 2342 410 2410 Turiei
432 2345 598 2411 Kalendis
618 2340 874 2431 Septembribus
894 2338 1258 2413 ninevexxxvn.
