<?xml version="1.0" encoding="UTF-8"?>
<!DOCTYPE html PUBLIC "-//W3C//DTD XHTML 1.0 Transitional//EN"
    "http://www.w3.org/TR/xhtml1/DTD/xhtml1-transitional.dtd">
<html xmlns="http://www.w3.org/1999/xhtml" xml:lang="en" lang="en">
 <head>
  <title>
</title>
<meta http-equiv="Content-Type" content="text/html;charset=utf-8" />
  <meta name='ocr-system' content='tesseract 3.04.00' />
  <meta name='ocr-capabilities' content='ocr_page ocr_carea ocr_par ocr_line ocrx_word'/>
</head>
<body>
  <div class='ocr_page' id='page_1' title='image "./operaquaesupers05halmgoog/operaquaesupers05halmgoog_0457.png"; bbox 0 0 3202 5318; ppageno 0'>
   <div class='ocr_carea' id='block_1_1' title="bbox 129 304 1060 382">
    <p class='ocr_par' dir='ltr' id='par_1_1' title="bbox 129 304 1060 382">
     <span class='ocr_line' id='line_1_1' title="bbox 129 304 1060 382; baseline -0.014 0"><span class='ocrx_word' id='word_1_1' title='bbox 129 317 192 382; x_wconf 77' lang='lat' dir='ltr'>tat</span> <span class='ocrx_word' id='word_1_2' title='bbox 531 308 682 373; x_wconf 79' lang='lat' dir='ltr'>tunttx</span> <span class='ocrx_word' id='word_1_3' title='bbox 703 304 1060 371; x_wconf 77' lang='lat' dir='ltr'>Fouutunnttttnt.</span> 
     </span>
    </p>
   </div>
   <div class='ocr_carea' id='block_1_2' title="bbox 132 439 1472 4263">
    <p class='ocr_par' dir='ltr' id='par_1_2' title="bbox 132 439 1463 683">
     <span class='ocr_line' id='line_1_2' title="bbox 132 439 1463 530; baseline -0.011 -13"><span class='ocrx_word' id='word_1_4' title='bbox 132 475 191 517; x_wconf 86' lang='lat' dir='ltr'>eos</span> <span class='ocrx_word' id='word_1_5' title='bbox 221 453 380 516; x_wconf 80' lang='lat' dir='ltr'>tutelae</span> <span class='ocrx_word' id='word_1_6' title='bbox 414 447 553 530; x_wconf 87' lang='lat' dir='ltr'>populi</span> <span class='ocrx_word' id='word_1_7' title='bbox 589 445 820 509; x_wconf 80' lang='lat' dir='ltr'>commendavit</span> <span class='ocrx_word' id='word_1_8' title='bbox 849 464 886 506; x_wconf 89' lang='lat' dir='ltr'>ae</span> <span class='ocrx_word' id='word_1_9' title='bbox 911 464 965 517; x_wconf 85' lang='lat' dir='ltr'>se,</span> <span class='ocrx_word' id='word_1_10' title='bbox 993 454 1152 524; x_wconf 80' lang='lat' dir='ltr'>tamquam</span> <span class='ocrx_word' id='word_1_11' title='bbox 1178 439 1212 503; x_wconf 87' lang='lat' dir='ltr'>in</span> <span class='ocrx_word' id='word_1_12' title='bbox 1241 441 1463 522; x_wconf 73' lang='lat' dir='ltr'>procincta</span> 
     </span>
     <span class='ocr_line' id='line_1_3' title="bbox 135 524 1463 609; baseline -0.01 -10"><span class='ocrx_word' id='word_1_13' title='bbox 135 547 417 599; x_wconf 88' lang='lat' dir='ltr'>testamentum</span> <span class='ocrx_word' id='word_1_14' title='bbox 440 532 617 603; x_wconf 83' lang='lat' dir='ltr'>laceret,</span> <span class='ocrx_word' id='word_1_15' title='bbox 642 530 708 591; x_wconf 87' lang='lat' dir='ltr'>sine</span> <span class='ocrx_word' id='word_1_16' title='bbox 733 529 816 590; x_wconf 87' lang='lat' dir='ltr'>libra</span> <span class='ocrx_word' id='word_1_17' title='bbox 842 540 937 609; x_wconf 82' lang='lat' dir='ltr'>atque</span> <span class='ocrx_word' id='word_1_18' title='bbox 961 527 1076 587; x_wconf 86' lang='lat' dir='ltr'>tabulis</span> <span class='ocrx_word' id='word_1_19' title='bbox 1101 524 1299 606; x_wconf 83' lang='lat' dir='ltr'>populum</span> <span class='ocrx_word' id='word_1_20' title='bbox 1325 526 1463 589; x_wconf 78' lang='lat' dir='ltr'>Roma·</span> 
     </span>
     <span class='ocr_line' id='line_1_4' title="bbox 137 608 1463 683; baseline -0.008 -1"><span class='ocrx_word' id='word_1_21' title='bbox 137 641 226 682; x_wconf 91' lang='lat' dir='ltr'>num</span> <span class='ocrx_word' id='word_1_22' title='bbox 248 628 422 679; x_wconf 89' lang='lat' dir='ltr'>tutorem</span> <span class='ocrx_word' id='word_1_23' title='bbox 444 613 668 675; x_wconf 73' lang='lat' dir='ltr'>instituere</span> <span class='ocrx_word' id='word_1_24' title='bbox 690 613 768 673; x_wconf 82' lang='lat' dir='ltr'>dixit</span> <span class='ocrx_word' id='word_1_25' title='bbox 782 611 911 672; x_wconf 89' lang='lat' dir='ltr'>illorum</span> <span class='ocrx_word' id='word_1_26' title='bbox 927 611 1071 672; x_wconf 75' lang='lat' dir='ltr'>orbitati.</span> <span class='ocrx_word' id='word_1_27' title='bbox 1095 611 1134 670; x_wconf 92' lang='lat' dir='ltr'>de</span> <span class='ocrx_word' id='word_1_28' title='bbox 1149 610 1246 673; x_wconf 88' lang='lat' dir='ltr'>Orat.</span> <span class='ocrx_word' id='word_1_29' title='bbox 1265 612 1297 683; x_wconf 99' lang='grc'>1,</span> <span class='ocrx_word' id='word_1_30' title='bbox 1315 608 1375 682; x_wconf 77' lang='grc'>53,</span> <span class='ocrx_word' id='word_1_31' title='bbox 1393 608 1463 671; x_wconf 79' lang='grc'><strong>228.</strong></span> 
     </span>
    </p>

    <p class='ocr_par' dir='ltr' id='par_1_3' title="bbox 136 691 1465 948">
     <span class='ocr_line' id='line_1_5' title="bbox 223 691 1464 778; baseline -0.008 -14"><span class='ocrx_word' id='word_1_32' title='bbox 223 704 416 778; x_wconf 82' lang='lat' dir='ltr'>&#39;l&#39;yrauuo</span> <span class='ocrx_word' id='word_1_33' title='bbox 448 695 586 760; x_wconf 83' lang='lat' dir='ltr'>occiso</span> <span class='ocrx_word' id='word_1_34' title='bbox 619 695 794 777; x_wconf 76' lang='lat' dir='ltr'>quinque</span> <span class='ocrx_word' id='word_1_35' title='bbox 827 694 912 756; x_wconf 88' lang='lat' dir='ltr'>eius</span> <span class='ocrx_word' id='word_1_36' title='bbox 951 692 1167 773; x_wconf 85' lang='lat' dir='ltr'>proximos</span> <span class='ocrx_word' id='word_1_37' title='bbox 1207 691 1464 775; x_wconf 79' lang='lat' dir='ltr'>cognatione</span> 
     </span>
     <span class='ocr_line' id='line_1_6' title="bbox 136 774 1465 867; baseline -0.01 -18"><span class='ocrx_word' id='word_1_38' title='bbox 136 785 399 867; x_wconf 73' lang='lat' dir='ltr'>magistratus</span> <span class='ocrx_word' id='word_1_39' title='bbox 422 791 587 842; x_wconf 79' lang='lat' dir='ltr'>necato:</span> <span class='ocrx_word' id='word_1_40' title='bbox 625 779 677 840; x_wconf 78' lang='lat' dir='ltr'>lex</span> <span class='ocrx_word' id='word_1_41' title='bbox 700 777 877 840; x_wconf 85' lang='lat' dir='ltr'>rhetorica.</span> <span class='ocrx_word' id='word_1_42' title='bbox 901 778 941 838; x_wconf 86' lang='lat' dir='ltr'>de</span> <span class='ocrx_word' id='word_1_43' title='bbox 963 776 1038 839; x_wconf 81' lang='lat' dir='ltr'>inv.</span> <span class='ocrx_word' id='word_1_44' title='bbox 1064 776 1101 850; x_wconf 98' lang='grc'>2,</span> <span class='ocrx_word' id='word_1_45' title='bbox 1125 777 1186 850; x_wconf 74' lang='lat' dir='ltr'>ts,</span> <span class='ocrx_word' id='word_1_46' title='bbox 1212 776 1290 839; x_wconf 84' lang='grc'><strong>144.</strong></span> <span class='ocrx_word' id='word_1_47' title='bbox 1313 810 1360 823; x_wconf 90' lang='grc'>-</span> <span class='ocrx_word' id='word_1_48' title='bbox 1384 774 1465 837; x_wconf 78' lang='lat' dir='ltr'>vite</span> 
     </span>
     <span class='ocr_line' id='line_1_7' title="bbox 137 867 530 948; baseline -0.015 -19"><span class='ocrx_word' id='word_1_49' title='bbox 137 867 212 948; x_wconf 79' lang='lat' dir='ltr'>Qui</span> <span class='ocrx_word' id='word_1_50' title='bbox 237 878 444 944; x_wconf 89' lang='lat' dir='ltr'>tyranuum</span> <span class='ocrx_word' id='word_1_51' title='bbox 467 875 530 925; x_wconf 86' lang='lat' dir='ltr'>ret.</span> 
     </span>
    </p>

    <p class='ocr_par' dir='ltr' id='par_1_4' title="bbox 136 939 1470 1764">
     <span class='ocr_line' id='line_1_8' title="bbox 221 939 1469 1027; baseline -0.008 -15"><span class='ocrx_word' id='word_1_52' title='bbox 221 950 331 1012; x_wconf 84' lang='lat' dir='ltr'>Unde</span> <span class='ocrx_word' id='word_1_53' title='bbox 366 948 443 1027; x_wconf 87' lang='lat' dir='ltr'>[de]</span> <span class='ocrx_word' id='word_1_54' title='bbox 475 945 570 1007; x_wconf 90' lang='lat' dir='ltr'>dolo</span> <span class='ocrx_word' id='word_1_55' title='bbox 604 946 705 1008; x_wconf 92' lang='lat' dir='ltr'>malo</span> <span class='ocrx_word' id='word_1_56' title='bbox 739 956 825 1017; x_wconf 89' lang='lat' dir='ltr'>tuo,</span> <span class='ocrx_word' id='word_1_57' title='bbox 863 944 916 1007; x_wconf 90' lang='lat' dir='ltr'>M.</span> <span class='ocrx_word' id='word_1_58' title='bbox 941 942 1070 1016; x_wconf 81' lang='lat' dir='ltr'>Tulli,</span> <span class='ocrx_word' id='word_1_59' title='bbox 1103 942 1158 1005; x_wconf 90' lang='grc' dir='ltr'>Μ.</span> <span class='ocrx_word' id='word_1_60' title='bbox 1181 939 1385 1005; x_wconf 86' lang='lat' dir='ltr'>Claudius</span> <span class='ocrx_word' id='word_1_61' title='bbox 1405 950 1469 1003; x_wconf 86' lang='lat' dir='ltr'>aut</span> 
     </span>
     <span class='ocr_line' id='line_1_9' title="bbox 136 1024 1468 1110; baseline -0.006 -15"><span class='ocrx_word' id='word_1_62' title='bbox 136 1030 289 1097; x_wconf 80' lang='lat' dir='ltr'>familia</span> <span class='ocrx_word' id='word_1_63' title='bbox 311 1043 376 1092; x_wconf 84' lang='lat' dir='ltr'>aut</span> <span class='ocrx_word' id='word_1_64' title='bbox 398 1039 647 1110; x_wconf 67' lang='lat' dir='ltr'>precantatur</span> <span class='ocrx_word' id='word_1_65' title='bbox 669 1028 755 1091; x_wconf 88' lang='lat' dir='ltr'>eius</span> <span class='ocrx_word' id='word_1_66' title='bbox 777 1027 819 1089; x_wconf 86' lang='lat' dir='ltr'>vi</span> <span class='ocrx_word' id='word_1_67' title='bbox 840 1029 1031 1089; x_wconf 87' lang='lat' dir='ltr'>detrusus</span> <span class='ocrx_word' id='word_1_68' title='bbox 1054 1036 1129 1087; x_wconf 85' lang='lat' dir='ltr'>est.</span> <span class='ocrx_word' id='word_1_69' title='bbox 1153 1025 1345 1105; x_wconf 85' lang='lat' dir='ltr'>pro&#39;l&#39;ullio</span> <span class='ocrx_word' id='word_1_70' title='bbox 1361 1024 1468 1087; x_wconf 73' lang='grc'><strong>29.-</strong></span> 
     </span>
     <span class='ocr_line' id='line_1_10' title="bbox 137 1106 1469 1190; baseline -0.007 -10"><span class='ocrx_word' id='word_1_71' title='bbox 137 1115 247 1180; x_wconf 84' lang='lat' dir='ltr'>Unde</span> <span class='ocrx_word' id='word_1_72' title='bbox 277 1126 318 1176; x_wconf 95' lang='lat' dir='ltr'>tu</span> <span class='ocrx_word' id='word_1_73' title='bbox 345 1125 411 1174; x_wconf 92' lang='lat' dir='ltr'>aut</span> <span class='ocrx_word' id='word_1_74' title='bbox 441 1111 597 1173; x_wconf 85' lang='lat' dir='ltr'>iamilia</span> <span class='ocrx_word' id='word_1_75' title='bbox 628 1122 695 1172; x_wconf 78' lang='lat' dir='ltr'>aaut</span> <span class='ocrx_word' id='word_1_76' title='bbox 724 1121 976 1190; x_wconf 85' lang='lat' dir='ltr'>procurator</span> <span class='ocrx_word' id='word_1_77' title='bbox 1006 1121 1094 1170; x_wconf 91' lang='lat' dir='ltr'>tuus</span> <span class='ocrx_word' id='word_1_78' title='bbox 1122 1106 1469 1172; x_wconf 68' lang='grc' dir='ltr'><strong>1111111551Ῑωί-</strong></span> 
     </span>
     <span class='ocr_line' id='line_1_11' title="bbox 136 1189 1470 1277; baseline -0.004 -17"><span class='ocrx_word' id='word_1_79' title='bbox 136 1197 229 1260; x_wconf 88' lang='lat' dir='ltr'>liam</span> <span class='ocrx_word' id='word_1_80' title='bbox 252 1208 319 1259; x_wconf 88' lang='lat' dir='ltr'>aut</span> <span class='ocrx_word' id='word_1_81' title='bbox 340 1205 647 1277; x_wconf 87' lang='lat' dir='ltr'>procuratorem</span> <span class='ocrx_word' id='word_1_82' title='bbox 670 1194 788 1256; x_wconf 88' lang='lat' dir='ltr'>illius</span> <span class='ocrx_word' id='word_1_83' title='bbox 810 1194 846 1255; x_wconf 91' lang='lat' dir='ltr'>in</span> <span class='ocrx_word' id='word_1_84' title='bbox 870 1195 945 1254; x_wconf 86' lang='lat' dir='ltr'>hor</span> <span class='ocrx_word' id='word_1_85' title='bbox 967 1211 1067 1255; x_wconf 86' lang='lat' dir='ltr'>auno</span> <span class='ocrx_word' id='word_1_86' title='bbox 1091 1192 1128 1254; x_wconf 86' lang='lat' dir='ltr'>ri</span> <span class='ocrx_word' id='word_1_87' title='bbox 1151 1189 1368 1256; x_wconf 78' lang='lat' dir='ltr'>deieeisti.</span> <span class='ocrx_word' id='word_1_88' title='bbox 1405 1192 1470 1255; x_wconf 83' lang='lat' dir='ltr'>Da·</span> 
     </span>
     <span class='ocr_line' id='line_1_12' title="bbox 136 1272 1470 1359; baseline -0.004 -17"><span class='ocrx_word' id='word_1_89' title='bbox 136 1282 209 1342; x_wconf 89' lang='lat' dir='ltr'>inde</span> <span class='ocrx_word' id='word_1_90' title='bbox 232 1278 358 1341; x_wconf 84' lang='lat' dir='ltr'>additur</span> <span class='ocrx_word' id='word_1_91' title='bbox 378 1278 463 1340; x_wconf 92' lang='lat' dir='ltr'>illius</span> <span class='ocrx_word' id='word_1_92' title='bbox 488 1277 548 1339; x_wconf 92' lang='lat' dir='ltr'>iam</span> <span class='ocrx_word' id='word_1_93' title='bbox 572 1278 634 1338; x_wconf 79' lang='lat' dir='ltr'>lton</span> <span class='ocrx_word' id='word_1_94' title='bbox 657 1298 768 1351; x_wconf 88' lang='lat' dir='ltr'>eausa,</span> <span class='ocrx_word' id='word_1_95' title='bbox 804 1277 930 1359; x_wconf 76' lang='lat' dir='ltr'>qutieum</span> <span class='ocrx_word' id='word_1_96' title='bbox 953 1275 1083 1358; x_wconf 76' lang='lat' dir='ltr'>agiturr</span> <span class='ocrx_word' id='word_1_97' title='bbox 1125 1273 1220 1338; x_wconf 89' lang='lat' dir='ltr'>Cum</span> <span class='ocrx_word' id='word_1_98' title='bbox 1244 1274 1316 1338; x_wconf 87' lang='lat' dir='ltr'>ille</span> <span class='ocrx_word' id='word_1_99' title='bbox 1341 1272 1470 1354; x_wconf 85' lang='lat' dir='ltr'>possi-</span> 
     </span>
     <span class='ocr_line' id='line_1_13' title="bbox 137 1358 1467 1440; baseline -0.005 -15"><span class='ocrx_word' id='word_1_100' title='bbox 137 1365 271 1434; x_wconf 80' lang='lat' dir='ltr'>deret,</span> <span class='ocrx_word' id='word_1_101' title='bbox 306 1372 338 1424; x_wconf 87' lang='lat' dir='ltr'>et</span> <span class='ocrx_word' id='word_1_102' title='bbox 363 1363 425 1425; x_wconf 85' lang='lat' dir='ltr'>hoe</span> <span class='ocrx_word' id='word_1_103' title='bbox 446 1361 597 1440; x_wconf 86' lang='lat' dir='ltr'>amplius:</span> <span class='ocrx_word' id='word_1_104' title='bbox 633 1359 746 1439; x_wconf 82' lang='lat' dir='ltr'>Quod</span> <span class='ocrx_word' id='word_1_105' title='bbox 776 1380 849 1421; x_wconf 85' lang='lat' dir='ltr'>nee</span> <span class='ocrx_word' id='word_1_106' title='bbox 878 1360 917 1420; x_wconf 87' lang='lat' dir='ltr'>vi</span> <span class='ocrx_word' id='word_1_107' title='bbox 946 1378 1015 1419; x_wconf 83' lang='lat' dir='ltr'>nen</span> <span class='ocrx_word' id='word_1_108' title='bbox 1040 1359 1141 1419; x_wconf 85' lang='lat' dir='ltr'>olam</span> <span class='ocrx_word' id='word_1_109' title='bbox 1170 1378 1244 1420; x_wconf 85' lang='lat' dir='ltr'>nee</span> <span class='ocrx_word' id='word_1_110' title='bbox 1274 1358 1467 1438; x_wconf 73' lang='lat' dir='ltr'>precario</span> 
     </span>
     <span class='ocr_line' id='line_1_14' title="bbox 137 1440 1467 1527; baseline -0.003 -20"><span class='ocrx_word' id='word_1_111' title='bbox 137 1443 384 1527; x_wconf 81' lang='lat' dir='ltr'>possideret.</span> <span class='ocrx_word' id='word_1_112' title='bbox 407 1464 470 1525; x_wconf 87' lang='lat' dir='ltr'>pro</span> <span class='ocrx_word' id='word_1_113' title='bbox 490 1443 599 1505; x_wconf 85' lang='lat' dir='ltr'>&#39;l&#39;ullio</span> <span class='ocrx_word' id='word_1_114' title='bbox 622 1445 676 1504; x_wconf 81' lang='grc'>44.</span> <span class='ocrx_word' id='word_1_115' title='bbox 699 1472 741 1485; x_wconf 91' lang='grc'><strong>-</strong></span> <span class='ocrx_word' id='word_1_116' title='bbox 766 1444 936 1506; x_wconf 78' lang='lat' dir='ltr'>Unde-tu</span> <span class='ocrx_word' id='word_1_117' title='bbox 960 1452 1026 1503; x_wconf 87' lang='lat' dir='ltr'>aut</span> <span class='ocrx_word' id='word_1_118' title='bbox 1046 1440 1204 1503; x_wconf 84' lang='lat' dir='ltr'>lamilia</span> <span class='ocrx_word' id='word_1_119' title='bbox 1227 1452 1297 1503; x_wconf 87' lang='lat' dir='ltr'>aut</span> <span class='ocrx_word' id='word_1_120' title='bbox 1318 1460 1467 1522; x_wconf 83' lang='lat' dir='ltr'>proer-</span> 
     </span>
     <span class='ocr_line' id='line_1_15' title="bbox 136 1522 1469 1603; baseline -0.002 -15"><span class='ocrx_word' id='word_1_121' title='bbox 136 1539 253 1589; x_wconf 88' lang='lat' dir='ltr'>rator</span> <span class='ocrx_word' id='word_1_122' title='bbox 273 1537 378 1589; x_wconf 81' lang='lat' dir='ltr'>tuus.</span> <span class='ocrx_word' id='word_1_123' title='bbox 401 1548 463 1603; x_wconf 85' lang='lat' dir='ltr'>pro</span> <span class='ocrx_word' id='word_1_124' title='bbox 483 1525 620 1589; x_wconf 81' lang='lat' dir='ltr'>Caecina</span> <span class='ocrx_word' id='word_1_125' title='bbox 639 1527 694 1595; x_wconf 80' lang='lat'>19.</span> <span class='ocrx_word' id='word_1_126' title='bbox 712 1527 767 1587; x_wconf 85' lang='grc'>55.</span> <span class='ocrx_word' id='word_1_127' title='bbox 789 1558 831 1571; x_wconf 91' lang='grc'><strong>-</strong></span> <span class='ocrx_word' id='word_1_128' title='bbox 855 1527 964 1603; x_wconf 81' lang='lat' dir='ltr'>Unde</span> <span class='ocrx_word' id='word_1_129' title='bbox 984 1536 1023 1585; x_wconf 89' lang='lat' dir='ltr'>tu</span> <span class='ocrx_word' id='word_1_130' title='bbox 1047 1523 1256 1598; x_wconf 78' lang='lat' dir='ltr'>deiecisti,</span> <span class='ocrx_word' id='word_1_131' title='bbox 1282 1544 1331 1587; x_wconf 88' lang='lat' dir='ltr'>eo</span> <span class='ocrx_word' id='word_1_132' title='bbox 1354 1522 1469 1586; x_wconf 87' lang='lat' dir='ltr'>resti-</span> 
     </span>
     <span class='ocr_line' id='line_1_16' title="bbox 137 1604 1468 1691; baseline -0.002 -20"><span class='ocrx_word' id='word_1_133' title='bbox 137 1604 240 1671; x_wconf 86' lang='lat' dir='ltr'>tu&#39;as.</span> <span class='ocrx_word' id='word_1_134' title='bbox 264 1609 350 1672; x_wconf 85' lang='lat' dir='ltr'>lhid.</span> <span class='ocrx_word' id='word_1_135' title='bbox 373 1611 432 1683; x_wconf 77' lang='lat'>³0,</span> <span class='ocrx_word' id='word_1_136' title='bbox 457 1611 510 1671; x_wconf 81' lang='lat'>87.</span> <span class='ocrx_word' id='word_1_137' title='bbox 543 1643 585 1655; x_wconf 92' lang='lat'>-</span> <span class='ocrx_word' id='word_1_138' title='bbox 614 1610 722 1671; x_wconf 90' lang='lat' dir='ltr'>Unde</span> <span class='ocrx_word' id='word_1_139' title='bbox 746 1609 815 1671; x_wconf 93' lang='lat' dir='ltr'>ille</span> <span class='ocrx_word' id='word_1_140' title='bbox 838 1629 893 1670; x_wconf 88' lang='lat' dir='ltr'>rue</span> <span class='ocrx_word' id='word_1_141' title='bbox 918 1608 954 1671; x_wconf 83' lang='lat' dir='ltr'>ri</span> <span class='ocrx_word' id='word_1_142' title='bbox 976 1607 1143 1684; x_wconf 87' lang='lat' dir='ltr'>deiecit,</span> <span class='ocrx_word' id='word_1_143' title='bbox 1166 1627 1251 1670; x_wconf 85' lang='lat' dir='ltr'>eum</span> <span class='ocrx_word' id='word_1_144' title='bbox 1275 1626 1468 1691; x_wconf 73' lang='lat' dir='ltr'>ego-pos·</span> 
     </span>
     <span class='ocr_line' id='line_1_17' title="bbox 137 1692 612 1764; baseline -0.002 -10"><span class='ocrx_word' id='word_1_145' title='bbox 137 1693 326 1754; x_wconf 81' lang='lat' dir='ltr'>riderem.</span> <span class='ocrx_word' id='word_1_146' title='bbox 370 1692 452 1756; x_wconf 88' lang='lat' dir='ltr'>lbid.</span> <span class='ocrx_word' id='word_1_147' title='bbox 474 1693 534 1764; x_wconf 84' lang='grc'>31,</span> <span class='ocrx_word' id='word_1_148' title='bbox 559 1693 612 1755; x_wconf 87' lang='grc'>91.</span> 
     </span>
    </p>

    <p class='ocr_par' dir='ltr' id='par_1_5' title="bbox 139 1771 1466 1940">
     <span class='ocr_line' id='line_1_18' title="bbox 221 1771 1466 1843; baseline -0.002 -5"><span class='ocrx_word' id='word_1_149' title='bbox 221 1775 336 1838; x_wconf 80' lang='lat' dir='ltr'>Unde</span> <span class='ocrx_word' id='word_1_150' title='bbox 357 1785 401 1836; x_wconf 93' lang='lat' dir='ltr'>tu</span> <span class='ocrx_word' id='word_1_151' title='bbox 424 1795 478 1836; x_wconf 87' lang='lat' dir='ltr'>me</span> <span class='ocrx_word' id='word_1_152' title='bbox 501 1795 547 1836; x_wconf 88' lang='lat' dir='ltr'>ex</span> <span class='ocrx_word' id='word_1_153' title='bbox 567 1775 657 1836; x_wconf 88' lang='lat' dir='ltr'>iure</span> <span class='ocrx_word' id='word_1_154' title='bbox 680 1793 790 1836; x_wconf 87' lang='lat' dir='ltr'>mauu</span> <span class='ocrx_word' id='word_1_155' title='bbox 812 1782 1043 1838; x_wconf 80' lang='lat' dir='ltr'>consertum</span> <span class='ocrx_word' id='word_1_156' title='bbox 1071 1772 1250 1843; x_wconf 82' lang='lat' dir='ltr'>vocasti,</span> <span class='ocrx_word' id='word_1_157' title='bbox 1282 1771 1379 1836; x_wconf 76' lang='lat' dir='ltr'>inde</span> <span class='ocrx_word' id='word_1_158' title='bbox 1406 1771 1466 1836; x_wconf 86' lang='lat' dir='ltr'>ibi</span> 
     </span>
     <span class='ocr_line' id='line_1_19' title="bbox 139 1858 868 1940; baseline 0 -22"><span class='ocrx_word' id='word_1_159' title='bbox 139 1876 219 1940; x_wconf 82' lang='lat' dir='ltr'>ego</span> <span class='ocrx_word' id='word_1_160' title='bbox 242 1871 280 1920; x_wconf 92' lang='lat' dir='ltr'>te</span> <span class='ocrx_word' id='word_1_161' title='bbox 303 1878 468 1920; x_wconf 83' lang='lat' dir='ltr'>revoco.</span> <span class='ocrx_word' id='word_1_162' title='bbox 492 1877 552 1938; x_wconf 91' lang='lat' dir='ltr'>pro</span> <span class='ocrx_word' id='word_1_163' title='bbox 577 1859 707 1921; x_wconf 90' lang='lat' dir='ltr'>Muren.</span> <span class='ocrx_word' id='word_1_164' title='bbox 733 1858 791 1932; x_wconf 89' lang='grc'>12,</span> <span class='ocrx_word' id='word_1_165' title='bbox 816 1858 868 1919; x_wconf 87' lang='grc'>25.</span> 
     </span>
    </p>

    <p class='ocr_par' dir='ltr' id='par_1_6' title="bbox 224 1937 1180 2019">
     <span class='ocr_line' id='line_1_20' title="bbox 224 1937 1180 2019; baseline -0.004 -15"><span class='ocrx_word' id='word_1_166' title='bbox 224 1944 304 2005; x_wconf 89' lang='lat' dir='ltr'>Usu</span> <span class='ocrx_word' id='word_1_167' title='bbox 326 1941 361 2002; x_wconf 91' lang='lat' dir='ltr'>in</span> <span class='ocrx_word' id='word_1_168' title='bbox 385 1961 534 2011; x_wconf 76' lang='lat' dir='ltr'>manum</span> <span class='ocrx_word' id='word_1_169' title='bbox 558 1940 794 2002; x_wconf 82' lang='lat' dir='ltr'>convenire.</span> <span class='ocrx_word' id='word_1_170' title='bbox 840 1940 923 2002; x_wconf 88' lang='lat' dir='ltr'>Vide</span> <span class='ocrx_word' id='word_1_171' title='bbox 947 1937 1180 2019; x_wconf 78' lang='lat' dir='ltr'>Colimptio.</span> 
     </span>
    </p>

    <p class='ocr_par' dir='ltr' id='par_1_7' title="bbox 138 2021 1472 3330">
     <span class='ocr_line' id='line_1_21' title="bbox 223 2021 1469 2101; baseline -0.003 -13"><span class='ocrx_word' id='word_1_172' title='bbox 223 2027 336 2088; x_wconf 78' lang='lat' dir='ltr'>Uarus</span> <span class='ocrx_word' id='word_1_173' title='bbox 359 2024 594 2086; x_wconf 84' lang='lat' dir='ltr'>auotoritas.</span> <span class='ocrx_word' id='word_1_174' title='bbox 640 2023 800 2101; x_wconf 84' lang='lat' dir='ltr'>Quoniam</span> <span class='ocrx_word' id='word_1_175' title='bbox 822 2043 914 2084; x_wconf 76' lang='lat' dir='ltr'>restas</span> <span class='ocrx_word' id='word_1_176' title='bbox 937 2023 1166 2084; x_wconf 86' lang='lat' dir='ltr'>auotoritas</span> <span class='ocrx_word' id='word_1_177' title='bbox 1189 2021 1279 2085; x_wconf 75' lang='lat' dir='ltr'>fundi</span> <span class='ocrx_word' id='word_1_178' title='bbox 1304 2021 1469 2086; x_wconf 83' lang='lat' dir='ltr'>biennium</span> 
     </span>
     <span class='ocr_line' id='line_1_22' title="bbox 138 2106 1468 2189; baseline -0.002 -17"><span class='ocrx_word' id='word_1_179' title='bbox 138 2119 206 2183; x_wconf 88' lang='lat' dir='ltr'>est,</span> <span class='ocrx_word' id='word_1_180' title='bbox 229 2108 270 2170; x_wconf 89' lang='lat' dir='ltr'>sit</span> <span class='ocrx_word' id='word_1_181' title='bbox 290 2106 382 2168; x_wconf 87' lang='lat' dir='ltr'>etiam</span> <span class='ocrx_word' id='word_1_182' title='bbox 405 2107 541 2168; x_wconf 84' lang='lat' dir='ltr'>sedium.</span> <span class='ocrx_word' id='word_1_183' title='bbox 587 2108 632 2168; x_wconf 82' lang='lat' dir='ltr'>At</span> <span class='ocrx_word' id='word_1_184' title='bbox 653 2108 683 2166; x_wconf 88' lang='lat' dir='ltr'>iu</span> <span class='ocrx_word' id='word_1_185' title='bbox 708 2107 780 2189; x_wconf 80' lang='lat' dir='ltr'>lege</span> <span class='ocrx_word' id='word_1_186' title='bbox 803 2108 894 2168; x_wconf 83' lang='lat' dir='ltr'>aedes</span> <span class='ocrx_word' id='word_1_187' title='bbox 916 2124 980 2167; x_wconf 88' lang='lat' dir='ltr'>non</span> <span class='ocrx_word' id='word_1_188' title='bbox 1004 2106 1206 2186; x_wconf 71' lang='lat' dir='ltr'>appellantur</span> <span class='ocrx_word' id='word_1_189' title='bbox 1225 2118 1258 2167; x_wconf 92' lang='lat' dir='ltr'>et</span> <span class='ocrx_word' id='word_1_190' title='bbox 1278 2120 1357 2169; x_wconf 77' lang='lat' dir='ltr'>aunt</span> <span class='ocrx_word' id='word_1_191' title='bbox 1381 2117 1468 2169; x_wconf 86' lang='lat' dir='ltr'>cete·</span> 
     </span>
     <span class='ocr_line' id='line_1_23' title="bbox 138 2188 1470 2271; baseline -0.002 -16"><span class='ocrx_word' id='word_1_192' title='bbox 138 2213 245 2255; x_wconf 90' lang='lat' dir='ltr'>rarum</span> <span class='ocrx_word' id='word_1_193' title='bbox 263 2210 369 2254; x_wconf 89' lang='lat' dir='ltr'>rerum</span> <span class='ocrx_word' id='word_1_194' title='bbox 390 2190 545 2262; x_wconf 90' lang='lat' dir='ltr'>omnium,</span> <span class='ocrx_word' id='word_1_195' title='bbox 570 2209 702 2270; x_wconf 83' lang='lat' dir='ltr'>quarum</span> <span class='ocrx_word' id='word_1_196' title='bbox 722 2210 842 2251; x_wconf 81' lang='lat' dir='ltr'>aunrrus</span> <span class='ocrx_word' id='word_1_197' title='bbox 860 2201 906 2250; x_wconf 87' lang='lat' dir='ltr'>est</span> <span class='ocrx_word' id='word_1_198' title='bbox 925 2208 1013 2250; x_wconf 78' lang='lat' dir='ltr'>rastis.</span> <span class='ocrx_word' id='word_1_199' title='bbox 1059 2188 1175 2251; x_wconf 85' lang='lat' dir='ltr'>Valeat</span> <span class='ocrx_word' id='word_1_200' title='bbox 1198 2191 1362 2271; x_wconf 76' lang='lat' dir='ltr'>aeqtaitas,</span> <span class='ocrx_word' id='word_1_201' title='bbox 1386 2209 1470 2271; x_wconf 79' lang='lat' dir='ltr'>quae</span> 
     </span>
     <span class='ocr_line' id='line_1_24' title="bbox 138 2271 1472 2357; baseline 0 -21"><span class='ocrx_word' id='word_1_202' title='bbox 138 2275 269 2357; x_wconf 84' lang='lat' dir='ltr'>paribus</span> <span class='ocrx_word' id='word_1_203' title='bbox 284 2272 315 2335; x_wconf 86' lang='lat' dir='ltr'>in</span> <span class='ocrx_word' id='word_1_204' title='bbox 331 2274 433 2334; x_wconf 82' lang='lat' dir='ltr'>oarrsis</span> <span class='ocrx_word' id='word_1_205' title='bbox 453 2274 540 2353; x_wconf 85' lang='lat' dir='ltr'>paria</span> <span class='ocrx_word' id='word_1_206' title='bbox 560 2273 627 2333; x_wconf 86' lang='lat' dir='ltr'>iura</span> <span class='ocrx_word' id='word_1_207' title='bbox 644 2273 812 2334; x_wconf 87' lang='lat' dir='ltr'>desiderat.</span> <span class='ocrx_word' id='word_1_208' title='bbox 838 2271 955 2351; x_wconf 80' lang='lat' dir='ltr'>Topir.</span> <span class='ocrx_word' id='word_1_209' title='bbox 979 2273 1017 2342; x_wconf 84' lang='grc'>4,</span> <span class='ocrx_word' id='word_1_210' title='bbox 1042 2271 1095 2333; x_wconf 84' lang='grc'>23.</span> <span class='ocrx_word' id='word_1_211' title='bbox 1117 2306 1158 2318; x_wconf 90' lang='lat'>·-</span> <span class='ocrx_word' id='word_1_212' title='bbox 1182 2272 1472 2343; x_wconf 63' lang='grc'><strong>,1111111110-</strong></span> 
     </span>
     <span class='ocr_line' id='line_1_25' title="bbox 138 2353 1470 2433; baseline 0.002 -15"><span class='ocrx_word' id='word_1_213' title='bbox 138 2358 260 2431; x_wconf 88' lang='lat' dir='ltr'>ritas,</span> <span class='ocrx_word' id='word_1_214' title='bbox 284 2356 397 2419; x_wconf 84' lang='lat' dir='ltr'>wolilr</span> <span class='ocrx_word' id='word_1_215' title='bbox 417 2356 449 2417; x_wconf 89' lang='lat' dir='ltr'>iu</span> <span class='ocrx_word' id='word_1_216' title='bbox 473 2358 532 2417; x_wconf 88' lang='lat' dir='ltr'>der</span> <span class='ocrx_word' id='word_1_217' title='bbox 561 2356 649 2417; x_wconf 85' lang='lat' dir='ltr'>Rede</span> <span class='ocrx_word' id='word_1_218' title='bbox 675 2355 729 2416; x_wconf 79' lang='lat' dir='ltr'>liir</span> <span class='ocrx_word' id='word_1_219' title='bbox 750 2357 795 2417; x_wconf 82' lang='lat' dir='ltr'>A.</span> <span class='ocrx_word' id='word_1_220' title='bbox 818 2353 956 2418; x_wconf 83' lang='lat' dir='ltr'>Caenina</span> <span class='ocrx_word' id='word_1_221' title='bbox 979 2370 1053 2433; x_wconf 81' lang='lat' dir='ltr'>rap.</span> <span class='ocrx_word' id='word_1_222' title='bbox 1070 2355 1132 2417; x_wconf 83' lang='grc'>19.</span> <span class='ocrx_word' id='word_1_223' title='bbox 1154 2361 1187 2431; x_wconf 67' lang='grc' dir='ltr'>ς.</span> <span class='ocrx_word' id='word_1_224' title='bbox 1211 2357 1266 2417; x_wconf 89' lang='grc'>54.</span> <span class='ocrx_word' id='word_1_225' title='bbox 1290 2357 1470 2420; x_wconf 73' lang='lat' dir='ltr'>ausaeart·</span> 
     </span>
     <span class='ocr_line' id='line_1_26' title="bbox 138 2437 1469 2517; baseline -0.001 -15"><span class='ocrx_word' id='word_1_226' title='bbox 138 2439 200 2502; x_wconf 82' lang='lat' dir='ltr'>lirlr</span> <span class='ocrx_word' id='word_1_227' title='bbox 217 2460 319 2501; x_wconf 87' lang='lat' dir='ltr'>usus</span> <span class='ocrx_word' id='word_1_228' title='bbox 341 2450 380 2500; x_wconf 93' lang='lat' dir='ltr'>et</span> <span class='ocrx_word' id='word_1_229' title='bbox 401 2437 634 2501; x_wconf 79' lang='lat' dir='ltr'>arroteritae</span> <span class='ocrx_word' id='word_1_230' title='bbox 657 2441 758 2509; x_wconf 85' lang='lat' dir='ltr'>steht,</span> <span class='ocrx_word' id='word_1_231' title='bbox 791 2440 936 2498; x_wconf 84' lang='lat' dir='ltr'>entstand</span> <span class='ocrx_word' id='word_1_232' title='bbox 958 2456 1014 2498; x_wconf 88' lang='lat' dir='ltr'>aus</span> <span class='ocrx_word' id='word_1_233' title='bbox 1037 2437 1123 2498; x_wconf 84' lang='lat' dir='ltr'>einer</span> <span class='ocrx_word' id='word_1_234' title='bbox 1144 2439 1318 2517; x_wconf 87' lang='lat' dir='ltr'>parallelen</span> <span class='ocrx_word' id='word_1_235' title='bbox 1345 2440 1469 2503; x_wconf 76' lang='lat' dir='ltr'>Annin-</span> 
     </span>
     <span class='ocr_line' id='line_1_27' title="bbox 138 2521 1467 2605; baseline 0 -20"><span class='ocrx_word' id='word_1_236' title='bbox 138 2523 373 2605; x_wconf 86' lang='lat' dir='ltr'>enderreilumg</span> <span class='ocrx_word' id='word_1_237' title='bbox 397 2542 461 2583; x_wconf 84' lang='lat' dir='ltr'>ron</span> <span class='ocrx_word' id='word_1_238' title='bbox 489 2524 547 2583; x_wconf 89' lang='lat' dir='ltr'>den</span> <span class='ocrx_word' id='word_1_239' title='bbox 576 2521 687 2582; x_wconf 84' lang='lat' dir='ltr'>beiden</span> <span class='ocrx_word' id='word_1_240' title='bbox 714 2522 872 2582; x_wconf 81' lang='lat' dir='ltr'>Wlirtern</span> <span class='ocrx_word' id='word_1_241' title='bbox 898 2541 990 2582; x_wconf 77' lang='lat' dir='ltr'>restas</span> <span class='ocrx_word' id='word_1_242' title='bbox 1022 2522 1084 2581; x_wconf 86' lang='lat' dir='ltr'>und</span> <span class='ocrx_word' id='word_1_243' title='bbox 1109 2522 1363 2595; x_wconf 86' lang='lat' dir='ltr'>arretoritaa,</span> <span class='ocrx_word' id='word_1_244' title='bbox 1399 2522 1467 2585; x_wconf 77' lang='lat' dir='ltr'>wir</span> 
     </span>
     <span class='ocr_line' id='line_1_28' title="bbox 139 2603 1467 2683; baseline 0 -15"><span class='ocrx_word' id='word_1_245' title='bbox 139 2606 417 2668; x_wconf 81' lang='lat' dir='ltr'>ususfructus</span> <span class='ocrx_word' id='word_1_246' title='bbox 440 2608 502 2665; x_wconf 89' lang='lat' dir='ltr'>und</span> <span class='ocrx_word' id='word_1_247' title='bbox 530 2624 624 2665; x_wconf 77' lang='lat' dir='ltr'>tustra</span> <span class='ocrx_word' id='word_1_248' title='bbox 653 2613 692 2665; x_wconf 89' lang='lat' dir='ltr'>et</span> <span class='ocrx_word' id='word_1_249' title='bbox 720 2603 898 2676; x_wconf 84' lang='lat' dir='ltr'>lruetus,</span> <span class='ocrx_word' id='word_1_250' title='bbox 932 2613 1091 2683; x_wconf 89' lang='lat' dir='ltr'>partum</span> <span class='ocrx_word' id='word_1_251' title='bbox 1122 2617 1370 2668; x_wconf 75' lang='lat' dir='ltr'>conventum</span> <span class='ocrx_word' id='word_1_252' title='bbox 1403 2607 1467 2668; x_wconf 77' lang='lat' dir='ltr'>renel</span> 
     </span>
     <span class='ocr_line' id='line_1_29' title="bbox 138 2687 1466 2770; baseline 0.001 -21"><span class='ocrx_word' id='word_1_253' title='bbox 138 2700 294 2770; x_wconf 72' lang='lat' dir='ltr'>parterm</span> <span class='ocrx_word' id='word_1_254' title='bbox 318 2700 354 2751; x_wconf 85' lang='lat' dir='ltr'>et</span> <span class='ocrx_word' id='word_1_255' title='bbox 377 2698 638 2757; x_wconf 76' lang='lat' dir='ltr'>conventum,</span> <span class='ocrx_word' id='word_1_256' title='bbox 664 2688 726 2747; x_wconf 92' lang='lat' dir='ltr'>uud</span> <span class='ocrx_word' id='word_1_257' title='bbox 749 2689 893 2748; x_wconf 77' lang='lat' dir='ltr'>ruelrrere</span> <span class='ocrx_word' id='word_1_258' title='bbox 916 2687 1061 2747; x_wconf 77' lang='lat' dir='ltr'>iiliulielue</span> <span class='ocrx_word' id='word_1_259' title='bbox 1083 2687 1312 2769; x_wconf 72' lang='lat' dir='ltr'>Weuduugen.</span> <span class='ocrx_word' id='word_1_260' title='bbox 1359 2688 1466 2752; x_wconf 82' lang='lat' dir='ltr'>Usus</span> 
     </span>
     <span class='ocr_line' id='line_1_30' title="bbox 138 2770 1463 2847; baseline 0.002 -15"><span class='ocrx_word' id='word_1_261' title='bbox 138 2773 287 2833; x_wconf 82' lang='lat' dir='ltr'>bedetrtet</span> <span class='ocrx_word' id='word_1_262' title='bbox 309 2771 377 2832; x_wconf 86' lang='lat' dir='ltr'>hier</span> <span class='ocrx_word' id='word_1_263' title='bbox 401 2772 460 2831; x_wconf 89' lang='lat' dir='ltr'>den</span> <span class='ocrx_word' id='word_1_264' title='bbox 485 2772 673 2843; x_wconf 82' lang='lat' dir='ltr'>Gebraurh,</span> <span class='ocrx_word' id='word_1_265' title='bbox 712 2771 772 2830; x_wconf 89' lang='lat' dir='ltr'>den</span> <span class='ocrx_word' id='word_1_266' title='bbox 795 2790 883 2843; x_wconf 86' lang='lat' dir='ltr'>ruan,</span> <span class='ocrx_word' id='word_1_267' title='bbox 918 2770 982 2830; x_wconf 86' lang='lat' dir='ltr'>wie</span> <span class='ocrx_word' id='word_1_268' title='bbox 1008 2771 1065 2829; x_wconf 88' lang='lat' dir='ltr'>der</span> <span class='ocrx_word' id='word_1_269' title='bbox 1088 2770 1321 2847; x_wconf 70' lang='lat' dir='ltr'>Eigentli&#39;uurrr</span> <span class='ocrx_word' id='word_1_270' title='bbox 1341 2774 1463 2844; x_wconf 73' lang='lat' dir='ltr'>selbot,</span> 
     </span>
     <span class='ocr_line' id='line_1_31' title="bbox 138 2852 1467 2938; baseline 0.002 -24"><span class='ocrx_word' id='word_1_271' title='bbox 138 2873 204 2917; x_wconf 83' lang='lat' dir='ltr'>ron</span> <span class='ocrx_word' id='word_1_272' title='bbox 225 2856 294 2915; x_wconf 86' lang='lat' dir='ltr'>dem</span> <span class='ocrx_word' id='word_1_273' title='bbox 317 2855 543 2915; x_wconf 79' lang='lat' dir='ltr'>Grrrudstiirke</span> <span class='ocrx_word' id='word_1_274' title='bbox 564 2854 685 2924; x_wconf 86' lang='lat' dir='ltr'>maeht,</span> <span class='ocrx_word' id='word_1_275' title='bbox 710 2855 831 2914; x_wconf 83' lang='lat' dir='ltr'>sodauu</span> <span class='ocrx_word' id='word_1_276' title='bbox 855 2852 1082 2914; x_wconf 83' lang='lat' dir='ltr'>auctoritas</span> <span class='ocrx_word' id='word_1_277' title='bbox 1106 2855 1156 2914; x_wconf 87' lang='lat' dir='ltr'>die</span> <span class='ocrx_word' id='word_1_278' title='bbox 1175 2855 1467 2938; x_wconf 71' lang='lat' dir='ltr'>Gewa&#39;lrrleistuug</span> 
     </span>
     <span class='ocr_line' id='line_1_32' title="bbox 140 2935 1466 3006; baseline 0 -7"><span class='ocrx_word' id='word_1_279' title='bbox 140 2939 196 2999; x_wconf 88' lang='lat' dir='ltr'>des</span> <span class='ocrx_word' id='word_1_280' title='bbox 213 2936 474 3006; x_wconf 75' lang='lat' dir='ltr'>Gruudstiielres,</span> <span class='ocrx_word' id='word_1_281' title='bbox 499 2939 555 2995; x_wconf 86' lang='lat' dir='ltr'>das</span> <span class='ocrx_word' id='word_1_282' title='bbox 571 2935 685 3006; x_wconf 87' lang='lat' dir='ltr'>heisst,</span> <span class='ocrx_word' id='word_1_283' title='bbox 710 2956 808 2995; x_wconf 80' lang='lat' dir='ltr'>wenn</span> <span class='ocrx_word' id='word_1_284' title='bbox 829 2956 897 2997; x_wconf 84' lang='lat' dir='ltr'>ruau</span> <span class='ocrx_word' id='word_1_285' title='bbox 920 2935 987 2996; x_wconf 84' lang='lat' dir='ltr'>airh</span> <span class='ocrx_word' id='word_1_286' title='bbox 1004 2936 1050 2996; x_wconf 88' lang='lat' dir='ltr'>als</span> <span class='ocrx_word' id='word_1_287' title='bbox 1070 2937 1240 2998; x_wconf 87' lang='lat' dir='ltr'>Vertreter</span> <span class='ocrx_word' id='word_1_288' title='bbox 1256 2938 1311 2998; x_wconf 88' lang='lat' dir='ltr'>des</span> <span class='ocrx_word' id='word_1_289' title='bbox 1334 2940 1466 3001; x_wconf 77' lang='lat' dir='ltr'>Grund-</span> 
     </span>
     <span class='ocr_line' id='line_1_33' title="bbox 139 3017 1467 3094; baseline 0.005 -16"><span class='ocrx_word' id='word_1_290' title='bbox 139 3017 268 3078; x_wconf 80' lang='lat' dir='ltr'>stiielses</span> <span class='ocrx_word' id='word_1_291' title='bbox 287 3019 365 3077; x_wconf 82' lang='lat' dir='ltr'>nauh</span> <span class='ocrx_word' id='word_1_292' title='bbox 384 3038 497 3079; x_wconf 86' lang='lat' dir='ltr'>ausseu</span> <span class='ocrx_word' id='word_1_293' title='bbox 521 3020 641 3093; x_wconf 73' lang='lat' dir='ltr'>gerirt3</span> <span class='ocrx_word' id='word_1_294' title='bbox 664 3019 733 3080; x_wconf 89' lang='lat' dir='ltr'>also</span> <span class='ocrx_word' id='word_1_295' title='bbox 754 3019 873 3080; x_wconf 81' lang='lat' dir='ltr'>kdunte</span> <span class='ocrx_word' id='word_1_296' title='bbox 896 3039 966 3081; x_wconf 89' lang='lat' dir='ltr'>man</span> <span class='ocrx_word' id='word_1_297' title='bbox 990 3038 1080 3080; x_wconf 79' lang='lat' dir='ltr'>urstis</span> <span class='ocrx_word' id='word_1_298' title='bbox 1102 3019 1152 3080; x_wconf 90' lang='lat' dir='ltr'>die</span> <span class='ocrx_word' id='word_1_299' title='bbox 1174 3021 1304 3094; x_wconf 88' lang='lat' dir='ltr'>iuuere,</span> <span class='ocrx_word' id='word_1_300' title='bbox 1331 3035 1467 3084; x_wconf 79' lang='lat' dir='ltr'>arieto·</span> 
     </span>
     <span class='ocr_line' id='line_1_34' title="bbox 140 3100 1465 3184; baseline 0.004 -23"><span class='ocrx_word' id='word_1_301' title='bbox 140 3101 239 3165; x_wconf 87' lang='lat' dir='ltr'>ritas</span> <span class='ocrx_word' id='word_1_302' title='bbox 263 3100 312 3161; x_wconf 91' lang='lat' dir='ltr'>die</span> <span class='ocrx_word' id='word_1_303' title='bbox 334 3101 462 3162; x_wconf 84' lang='lat' dir='ltr'>iirassere</span> <span class='ocrx_word' id='word_1_304' title='bbox 483 3100 708 3184; x_wconf 77' lang='lat' dir='ltr'>Haudlrabung</span> <span class='ocrx_word' id='word_1_305' title='bbox 734 3103 790 3162; x_wconf 84' lang='lat' dir='ltr'>der</span> <span class='ocrx_word' id='word_1_306' title='bbox 819 3103 941 3164; x_wconf 74' lang='lat' dir='ltr'>liechte</span> <span class='ocrx_word' id='word_1_307' title='bbox 964 3104 1020 3162; x_wconf 91' lang='lat' dir='ltr'>des</span> <span class='ocrx_word' id='word_1_308' title='bbox 1047 3100 1292 3180; x_wconf 80' lang='lat' dir='ltr'>Eigeutlr‘uruers</span> <span class='ocrx_word' id='word_1_309' title='bbox 1318 3124 1465 3179; x_wconf 76' lang='lat' dir='ltr'>neuneu,</span> 
     </span>
     <span class='ocr_line' id='line_1_35' title="bbox 138 3183 1468 3271; baseline 0.006 -30"><span class='ocrx_word' id='word_1_310' title='bbox 138 3200 271 3243; x_wconf 84' lang='lat' dir='ltr'>woraus</span> <span class='ocrx_word' id='word_1_311' title='bbox 293 3183 347 3244; x_wconf 81' lang='lat' dir='ltr'>liir</span> <span class='ocrx_word' id='word_1_312' title='bbox 368 3185 427 3244; x_wconf 90' lang='lat' dir='ltr'>den</span> <span class='ocrx_word' id='word_1_313' title='bbox 454 3185 606 3246; x_wconf 78' lang='lat' dir='ltr'>Airsitber</span> <span class='ocrx_word' id='word_1_314' title='bbox 627 3185 729 3245; x_wconf 86' lang='lat' dir='ltr'>dieser</span> <span class='ocrx_word' id='word_1_315' title='bbox 751 3184 881 3247; x_wconf 83' lang='lat' dir='ltr'>Rechte</span> <span class='ocrx_word' id='word_1_316' title='bbox 908 3186 987 3247; x_wconf 83' lang='lat' dir='ltr'>nach</span> <span class='ocrx_word' id='word_1_317' title='bbox 1012 3185 1099 3247; x_wconf 82' lang='lat' dir='ltr'>zwei</span> <span class='ocrx_word' id='word_1_318' title='bbox 1122 3186 1242 3249; x_wconf 85' lang='lat' dir='ltr'>Jahren</span> <span class='ocrx_word' id='word_1_319' title='bbox 1261 3187 1321 3249; x_wconf 78' lang='lat' dir='ltr'>&#39;das</span> <span class='ocrx_word' id='word_1_320' title='bbox 1344 3188 1468 3271; x_wconf 73' lang='lat' dir='ltr'>Eiger·</span> 
     </span>
     <span class='ocr_line' id='line_1_36' title="bbox 140 3264 1047 3330; baseline 0.003 -6"><span class='ocrx_word' id='word_1_321' title='bbox 140 3264 227 3325; x_wconf 82' lang='lat' dir='ltr'>thum</span> <span class='ocrx_word' id='word_1_322' title='bbox 252 3264 448 3328; x_wconf 81' lang='lat' dir='ltr'>erw&#39;n&#39;rlist.’&#39;</span> <span class='ocrx_word' id='word_1_323' title='bbox 494 3267 627 3330; x_wconf 74' lang='lat' dir='ltr'>Knoun.</span> <span class='ocrx_word' id='word_1_324' title='bbox 1043 3298 1047 3303; x_wconf 88' lang='lat'>-</span> 
     </span>
    </p>

    <p class='ocr_par' dir='ltr' id='par_1_8' title="bbox 138 3348 1466 4263">
     <span class='ocr_line' id='line_1_37' title="bbox 226 3348 1466 3435; baseline 0.002 -24"><span class='ocrx_word' id='word_1_325' title='bbox 226 3348 326 3411; x_wconf 85' lang='lat' dir='ltr'>Usus</span> <span class='ocrx_word' id='word_1_326' title='bbox 346 3349 363 3409; x_wconf 87' lang='lat' dir='ltr'>l</span> <span class='ocrx_word' id='word_1_327' title='bbox 367 3360 485 3410; x_wconf 89' lang='lat' dir='ltr'>ructu</span> <span class='ocrx_word' id='word_1_328' title='bbox 494 3368 522 3411; x_wconf 89' lang='lat' dir='ltr'>s.</span> <span class='ocrx_word' id='word_1_329' title='bbox 569 3349 602 3411; x_wconf 80' lang='lat' dir='ltr'>si</span> <span class='ocrx_word' id='word_1_330' title='bbox 625 3352 718 3411; x_wconf 86' lang='lat' dir='ltr'>aedes</span> <span class='ocrx_word' id='word_1_331' title='bbox 740 3371 796 3411; x_wconf 85' lang='lat' dir='ltr'>rae</span> <span class='ocrx_word' id='word_1_332' title='bbox 819 3360 1011 3412; x_wconf 82' lang='lat' dir='ltr'>corruerunt</span> <span class='ocrx_word' id='word_1_333' title='bbox 1031 3349 1183 3414; x_wconf 79' lang='lat' dir='ltr'>vitiumve</span> <span class='ocrx_word' id='word_1_334' title='bbox 1199 3352 1363 3423; x_wconf 81' lang='lat' dir='ltr'>lecerunt,</span> <span class='ocrx_word' id='word_1_335' title='bbox 1388 3374 1466 3435; x_wconf 76' lang='lat' dir='ltr'>qua·</span> 
     </span>
     <span class='ocr_line' id='line_1_38' title="bbox 141 3431 1463 3513; baseline 0.005 -22"><span class='ocrx_word' id='word_1_336' title='bbox 141 3450 211 3491; x_wconf 87' lang='lat' dir='ltr'>rum</span> <span class='ocrx_word' id='word_1_337' title='bbox 228 3451 322 3492; x_wconf 77' lang='lat' dir='ltr'>risus</span> <span class='ocrx_word' id='word_1_338' title='bbox 342 3431 359 3492; x_wconf 81' lang='grc'>1</span> <span class='ocrx_word' id='word_1_339' title='bbox 364 3443 506 3492; x_wconf 82' lang='lat' dir='ltr'>ructus</span> <span class='ocrx_word' id='word_1_340' title='bbox 525 3433 645 3513; x_wconf 78' lang='lat' dir='ltr'>legatus</span> <span class='ocrx_word' id='word_1_341' title='bbox 661 3445 728 3506; x_wconf 82' lang='lat' dir='ltr'>est,</span> <span class='ocrx_word' id='word_1_342' title='bbox 754 3435 845 3494; x_wconf 86' lang='lat' dir='ltr'>heres</span> <span class='ocrx_word' id='word_1_343' title='bbox 861 3432 1031 3495; x_wconf 87' lang='lat' dir='ltr'>restituere</span> <span class='ocrx_word' id='word_1_344' title='bbox 1049 3454 1112 3495; x_wconf 87' lang='lat' dir='ltr'>non</span> <span class='ocrx_word' id='word_1_345' title='bbox 1133 3438 1225 3498; x_wconf 86' lang='lat' dir='ltr'>debet</span> <span class='ocrx_word' id='word_1_346' title='bbox 1243 3456 1302 3497; x_wconf 83' lang='lat' dir='ltr'>nee</span> <span class='ocrx_word' id='word_1_347' title='bbox 1315 3436 1463 3508; x_wconf 76' lang='lat' dir='ltr'>relinere,</span> 
     </span>
     <span class='ocr_line' id='line_1_39' title="bbox 140 3512 1464 3599; baseline 0.007 -27"><span class='ocrx_word' id='word_1_348' title='bbox 140 3531 205 3576; x_wconf 85' lang='lat' dir='ltr'>nou</span> <span class='ocrx_word' id='word_1_349' title='bbox 222 3512 322 3594; x_wconf 75' lang='lat' dir='ltr'>stragis</span> <span class='ocrx_word' id='word_1_350' title='bbox 341 3534 435 3597; x_wconf 79' lang='lat' dir='ltr'>quam</span> <span class='ocrx_word' id='word_1_351' title='bbox 457 3535 584 3575; x_wconf 84' lang='lat' dir='ltr'>seruum</span> <span class='ocrx_word' id='word_1_352' title='bbox 599 3515 786 3589; x_wconf 82' lang='lat' dir='ltr'>restituere,</span> <span class='ocrx_word' id='word_1_353' title='bbox 811 3515 836 3576; x_wconf 87' lang='lat' dir='ltr'>si</span> <span class='ocrx_word' id='word_1_354' title='bbox 859 3515 905 3586; x_wconf 89' lang='lat' dir='ltr'>is,</span> <span class='ocrx_word' id='word_1_355' title='bbox 930 3517 1019 3576; x_wconf 81' lang='lat' dir='ltr'>rtrius</span> <span class='ocrx_word' id='word_1_356' title='bbox 1039 3537 1132 3578; x_wconf 77' lang='lat' dir='ltr'>restas</span> <span class='ocrx_word' id='word_1_357' title='bbox 1149 3518 1166 3579; x_wconf 84' lang='lat' dir='ltr'>l</span> <span class='ocrx_word' id='word_1_358' title='bbox 1171 3530 1317 3579; x_wconf 82' lang='lat' dir='ltr'>ructus</span> <span class='ocrx_word' id='word_1_359' title='bbox 1341 3520 1464 3599; x_wconf 75' lang='lat' dir='ltr'>legatus</span> 
     </span>
     <span class='ocr_line' id='line_1_40' title="bbox 140 3597 1464 3678; baseline 0.005 -23"><span class='ocrx_word' id='word_1_360' title='bbox 140 3607 238 3668; x_wconf 88' lang='lat' dir='ltr'>esset,</span> <span class='ocrx_word' id='word_1_361' title='bbox 264 3597 451 3676; x_wconf 85' lang='lat' dir='ltr'>deperisset.</span> <span class='ocrx_word' id='word_1_362' title='bbox 476 3599 594 3678; x_wconf 86' lang='lat' dir='ltr'>Topic.</span> <span class='ocrx_word' id='word_1_363' title='bbox 617 3598 654 3670; x_wconf 78' lang='lat'>³,</span> <span class='ocrx_word' id='word_1_364' title='bbox 682 3599 734 3659; x_wconf 90' lang='grc'>15.</span> <span class='ocrx_word' id='word_1_365' title='bbox 758 3632 800 3644; x_wconf 94' lang='lat'>-</span> <span class='ocrx_word' id='word_1_366' title='bbox 823 3600 897 3659; x_wconf 83' lang='lat' dir='ltr'>Nou</span> <span class='ocrx_word' id='word_1_367' title='bbox 922 3602 1016 3660; x_wconf 85' lang='lat' dir='ltr'>debet</span> <span class='ocrx_word' id='word_1_368' title='bbox 1037 3620 1072 3660; x_wconf 89' lang='lat' dir='ltr'>ea</span> <span class='ocrx_word' id='word_1_369' title='bbox 1098 3601 1227 3673; x_wconf 77' lang='lat' dir='ltr'>muilier,</span> <span class='ocrx_word' id='word_1_370' title='bbox 1251 3600 1305 3662; x_wconf 85' lang='lat' dir='ltr'>cui</span> <span class='ocrx_word' id='word_1_371' title='bbox 1334 3603 1383 3663; x_wconf 86' lang='lat' dir='ltr'>rir</span> <span class='ocrx_word' id='word_1_372' title='bbox 1405 3603 1464 3663; x_wconf 78' lang='lat' dir='ltr'>lio·</span> 
     </span>
     <span class='ocr_line' id='line_1_41' title="bbox 139 3680 1463 3767; baseline 0.008 -29"><span class='ocrx_word' id='word_1_373' title='bbox 139 3697 253 3739; x_wconf 91' lang='lat' dir='ltr'>norum</span> <span class='ocrx_word' id='word_1_374' title='bbox 271 3701 401 3740; x_wconf 84' lang='lat' dir='ltr'>suorum</span> <span class='ocrx_word' id='word_1_375' title='bbox 426 3701 494 3741; x_wconf 92' lang='lat' dir='ltr'>usu</span> <span class='ocrx_word' id='word_1_376' title='bbox 506 3703 533 3738; x_wconf 87' lang='grc' dir='ltr'>ιιι</span> <span class='ocrx_word' id='word_1_377' title='bbox 557 3680 575 3741; x_wconf 79' lang='grc'>1</span> <span class='ocrx_word' id='word_1_378' title='bbox 578 3701 595 3740; x_wconf 91' lang='lat' dir='ltr'>r</span> <span class='ocrx_word' id='word_1_379' title='bbox 605 3690 696 3740; x_wconf 85' lang='lat' dir='ltr'>uetu</span> <span class='ocrx_word' id='word_1_380' title='bbox 704 3702 732 3740; x_wconf 92' lang='lat' dir='ltr'>m</span> <span class='ocrx_word' id='word_1_381' title='bbox 758 3680 894 3764; x_wconf 79' lang='lat' dir='ltr'>legavit,</span> <span class='ocrx_word' id='word_1_382' title='bbox 920 3681 1008 3743; x_wconf 80' lang='lat' dir='ltr'>cellis</span> <span class='ocrx_word' id='word_1_383' title='bbox 1025 3681 1153 3743; x_wconf 81' lang='lat' dir='ltr'>uinariis</span> <span class='ocrx_word' id='word_1_384' title='bbox 1168 3694 1199 3743; x_wconf 91' lang='lat' dir='ltr'>et</span> <span class='ocrx_word' id='word_1_385' title='bbox 1214 3684 1345 3747; x_wconf 86' lang='lat' dir='ltr'>oleariis</span> <span class='ocrx_word' id='word_1_386' title='bbox 1359 3684 1463 3767; x_wconf 82' lang='lat' dir='ltr'>plenia</span> 
     </span>
     <span class='ocr_line' id='line_1_42' title="bbox 139 3760 1462 3853; baseline 0.005 -31"><span class='ocrx_word' id='word_1_387' title='bbox 139 3760 276 3833; x_wconf 84' lang='lat' dir='ltr'>relictis,</span> <span class='ocrx_word' id='word_1_388' title='bbox 308 3774 421 3842; x_wconf 89' lang='lat' dir='ltr'>putare</span> <span class='ocrx_word' id='word_1_389' title='bbox 445 3762 477 3822; x_wconf 88' lang='lat' dir='ltr'>id</span> <span class='ocrx_word' id='word_1_390' title='bbox 499 3763 537 3822; x_wconf 94' lang='lat' dir='ltr'>ad</span> <span class='ocrx_word' id='word_1_391' title='bbox 563 3764 791 3842; x_wconf 86' lang='lat' dir='ltr'>sepertinere.</span> <span class='ocrx_word' id='word_1_392' title='bbox 837 3764 922 3826; x_wconf 89' lang='lat' dir='ltr'>Usus</span> <span class='ocrx_word' id='word_1_393' title='bbox 947 3766 1047 3836; x_wconf 86' lang='lat' dir='ltr'>euim,</span> <span class='ocrx_word' id='word_1_394' title='bbox 1078 3784 1143 3827; x_wconf 90' lang='lat' dir='ltr'>uou</span> <span class='ocrx_word' id='word_1_395' title='bbox 1169 3769 1303 3839; x_wconf 71' lang='lat' dir='ltr'>aluisus,</span> <span class='ocrx_word' id='word_1_396' title='bbox 1338 3769 1462 3853; x_wconf 83' lang='lat' dir='ltr'>legatus</span> 
     </span>
     <span class='ocr_line' id='line_1_43' title="bbox 140 3844 1463 3929; baseline 0.005 -25"><span class='ocrx_word' id='word_1_397' title='bbox 140 3853 203 3904; x_wconf 87' lang='lat' dir='ltr'>est.</span> <span class='ocrx_word' id='word_1_398' title='bbox 247 3844 295 3905; x_wconf 87' lang='lat' dir='ltr'>Ea</span> <span class='ocrx_word' id='word_1_399' title='bbox 323 3855 397 3906; x_wconf 90' lang='lat' dir='ltr'>suut</span> <span class='ocrx_word' id='word_1_400' title='bbox 422 3844 506 3906; x_wconf 87' lang='lat' dir='ltr'>iuter</span> <span class='ocrx_word' id='word_1_401' title='bbox 532 3866 565 3906; x_wconf 88' lang='lat' dir='ltr'>se</span> <span class='ocrx_word' id='word_1_402' title='bbox 594 3846 766 3908; x_wconf 83' lang='lat' dir='ltr'>contrariu.</span> <span class='ocrx_word' id='word_1_403' title='bbox 803 3847 923 3925; x_wconf 81' lang='lat' dir='ltr'>Topie.</span> <span class='ocrx_word' id='word_1_404' title='bbox 946 3848 985 3918; x_wconf 82' lang='grc'>3,</span> <span class='ocrx_word' id='word_1_405' title='bbox 1011 3852 1062 3909; x_wconf 84' lang='grc'>17.</span> <span class='ocrx_word' id='word_1_406' title='bbox 1097 3878 1138 3893; x_wconf 92' lang='grc'>-</span> <span class='ocrx_word' id='word_1_407' title='bbox 1171 3848 1205 3910; x_wconf 84' lang='lat' dir='ltr'>Si</span> <span class='ocrx_word' id='word_1_408' title='bbox 1235 3851 1463 3929; x_wconf 79' lang='lat' dir='ltr'>paterlaruiliar</span> 
     </span>
     <span class='ocr_line' id='line_1_44' title="bbox 141 3924 1463 4009; baseline 0.006 -24"><span class='ocrx_word' id='word_1_409' title='bbox 141 3924 235 3986; x_wconf 73' lang='lat' dir='ltr'>tenori</span> <span class='ocrx_word' id='word_1_410' title='bbox 253 3926 434 3986; x_wconf 87' lang='lat' dir='ltr'>ancillarum</span> <span class='ocrx_word' id='word_1_411' title='bbox 451 3948 558 3988; x_wconf 74' lang='lat' dir='ltr'>restrui</span> <span class='ocrx_word' id='word_1_412' title='bbox 578 3927 709 3988; x_wconf 86' lang='lat' dir='ltr'>fructu</span> <span class='ocrx_word' id='word_1_413' title='bbox 721 3949 749 3987; x_wconf 93' lang='lat' dir='ltr'>m</span> <span class='ocrx_word' id='word_1_414' title='bbox 774 3927 893 4009; x_wconf 81' lang='lat' dir='ltr'>legavit</span> <span class='ocrx_word' id='word_1_415' title='bbox 913 3948 928 3989; x_wconf 89' lang='lat' dir='ltr'>a</span> <span class='ocrx_word' id='word_1_416' title='bbox 948 3930 1016 3991; x_wconf 84' lang='lat' dir='ltr'>lilio</span> <span class='ocrx_word' id='word_1_417' title='bbox 1030 3949 1132 4009; x_wconf 78' lang='lat' dir='ltr'>ueqtte</span> <span class='ocrx_word' id='word_1_418' title='bbox 1149 3952 1166 3989; x_wconf 92' lang='lat' dir='ltr'>a</span> <span class='ocrx_word' id='word_1_419' title='bbox 1185 3936 1328 3995; x_wconf 81' lang='lat' dir='ltr'>sectando</span> <span class='ocrx_word' id='word_1_420' title='bbox 1346 3936 1463 3997; x_wconf 82' lang='lat' dir='ltr'>herede</span> 
     </span>
     <span class='ocr_line' id='line_1_45' title="bbox 140 4005 1464 4091; baseline 0.005 -22"><span class='ocrx_word' id='word_1_421' title='bbox 140 4005 278 4087; x_wconf 75' lang='lat' dir='ltr'>legavit,</span> <span class='ocrx_word' id='word_1_422' title='bbox 303 4020 430 4073; x_wconf 85' lang='lat' dir='ltr'>mortuo</span> <span class='ocrx_word' id='word_1_423' title='bbox 452 4009 519 4072; x_wconf 78' lang='lat' dir='ltr'>nuo</span> <span class='ocrx_word' id='word_1_424' title='bbox 543 4030 646 4069; x_wconf 93' lang='lat' dir='ltr'>usum</span> <span class='ocrx_word' id='word_1_425' title='bbox 670 4011 849 4071; x_wconf 80' lang='lat' dir='ltr'>fructum</span> <span class='ocrx_word' id='word_1_426' title='bbox 876 4032 939 4072; x_wconf 89' lang='lat' dir='ltr'>non</span> <span class='ocrx_word' id='word_1_427' title='bbox 961 4012 1087 4074; x_wconf 84' lang='lat' dir='ltr'>amittit.</span> <span class='ocrx_word' id='word_1_428' title='bbox 1132 4013 1229 4091; x_wconf 78' lang='lat' dir='ltr'>erod</span> <span class='ocrx_word' id='word_1_429' title='bbox 1255 4015 1338 4077; x_wconf 84' lang='lat' dir='ltr'>euim</span> <span class='ocrx_word' id='word_1_430' title='bbox 1367 4014 1464 4079; x_wconf 88' lang='lat' dir='ltr'>semel</span> 
     </span>
     <span class='ocr_line' id='line_1_46' title="bbox 138 4091 1464 4168; baseline 0.008 -20"><span class='ocrx_word' id='word_1_431' title='bbox 138 4100 327 4152; x_wconf 88' lang='lat' dir='ltr'>testamento</span> <span class='ocrx_word' id='word_1_432' title='bbox 349 4091 443 4153; x_wconf 81' lang='lat' dir='ltr'>alicui</span> <span class='ocrx_word' id='word_1_433' title='bbox 468 4094 572 4152; x_wconf 82' lang='lat' dir='ltr'>datum</span> <span class='ocrx_word' id='word_1_434' title='bbox 595 4104 660 4164; x_wconf 87' lang='lat' dir='ltr'>est,</span> <span class='ocrx_word' id='word_1_435' title='bbox 686 4092 718 4153; x_wconf 94' lang='lat' dir='ltr'>id</span> <span class='ocrx_word' id='word_1_436' title='bbox 739 4095 778 4153; x_wconf 89' lang='lat' dir='ltr'>ab</span> <span class='ocrx_word' id='word_1_437' title='bbox 793 4114 834 4155; x_wconf 80' lang='lat' dir='ltr'>ro</span> <span class='ocrx_word' id='word_1_438' title='bbox 849 4094 950 4156; x_wconf 88' lang='lat' dir='ltr'>inuito</span> <span class='ocrx_word' id='word_1_439' title='bbox 970 4095 1022 4156; x_wconf 90' lang='lat' dir='ltr'>eui</span> <span class='ocrx_word' id='word_1_440' title='bbox 1046 4097 1151 4157; x_wconf 92' lang='lat' dir='ltr'>dutum</span> <span class='ocrx_word' id='word_1_441' title='bbox 1167 4108 1234 4168; x_wconf 91' lang='lat' dir='ltr'>est,</span> <span class='ocrx_word' id='word_1_442' title='bbox 1259 4098 1381 4161; x_wconf 70' lang='lat' dir='ltr'>auferri</span> <span class='ocrx_word' id='word_1_443' title='bbox 1401 4119 1464 4163; x_wconf 84' lang='lat' dir='ltr'>noa</span> 
     </span>
     <span class='ocr_line' id='line_1_47' title="bbox 140 4173 1461 4263; baseline 0.009 -32"><span class='ocrx_word' id='word_1_444' title='bbox 140 4181 261 4249; x_wconf 88' lang='lat' dir='ltr'>potest.</span> <span class='ocrx_word' id='word_1_445' title='bbox 307 4174 479 4253; x_wconf 76' lang='lat' dir='ltr'>Repugnat</span> <span class='ocrx_word' id='word_1_446' title='bbox 504 4173 584 4234; x_wconf 88' lang='lat' dir='ltr'>euim</span> <span class='ocrx_word' id='word_1_447' title='bbox 608 4185 694 4236; x_wconf 89' lang='lat' dir='ltr'>recte</span> <span class='ocrx_word' id='word_1_448' title='bbox 719 4176 883 4255; x_wconf 87' lang='lat' dir='ltr'>accipere,</span> <span class='ocrx_word' id='word_1_449' title='bbox 914 4190 944 4239; x_wconf 92' lang='lat' dir='ltr'>et</span> <span class='ocrx_word' id='word_1_450' title='bbox 970 4178 1102 4240; x_wconf 83' lang='lat' dir='ltr'>invitum</span> <span class='ocrx_word' id='word_1_451' title='bbox 1128 4182 1277 4242; x_wconf 85' lang='lat' dir='ltr'>reddere.</span> <span class='ocrx_word' id='word_1_452' title='bbox 1312 4184 1405 4263; x_wconf 81' lang='lat' dir='ltr'>&#39;l&#39;op.</span> <span class='ocrx_word' id='word_1_453' title='bbox 1426 4184 1461 4256; x_wconf 79' lang='lat' dir='ltr'>t,</span> 
     </span>
    </p>
   </div>
   <div class='ocr_carea' id='block_1_3' title="bbox 138 4252 1463 4504">
    <p class='ocr_par' dir='ltr' id='par_1_9' title="bbox 138 4252 1463 4504">
     <span class='ocr_line' id='line_1_48' title="bbox 139 4252 1463 4343; baseline 0.011 -30"><span class='ocrx_word' id='word_1_454' title='bbox 139 4252 194 4314; x_wconf 86' lang='grc'>21.</span> <span class='ocrx_word' id='word_1_455' title='bbox 216 4287 257 4299; x_wconf 92' lang='grc'><strong>-</strong></span> <span class='ocrx_word' id='word_1_456' title='bbox 279 4255 330 4317; x_wconf 87' lang='grc' dir='ltr'><strong>Μ.</strong></span> <span class='ocrx_word' id='word_1_457' title='bbox 354 4254 517 4319; x_wconf 85' lang='lat' dir='ltr'>Fulcinius</span> <span class='ocrx_word' id='word_1_458' title='bbox 540 4264 729 4320; x_wconf 76' lang='lat' dir='ltr'>testamento</span> <span class='ocrx_word' id='word_1_459' title='bbox 754 4258 832 4319; x_wconf 82' lang='lat' dir='ltr'>fauit</span> <span class='ocrx_word' id='word_1_460' title='bbox 856 4262 1022 4330; x_wconf 83' lang='lat' dir='ltr'>heredem,</span> <span class='ocrx_word' id='word_1_461' title='bbox 1054 4281 1146 4343; x_wconf 73' lang='lat' dir='ltr'>quiem</span> <span class='ocrx_word' id='word_1_462' title='bbox 1174 4265 1311 4325; x_wconf 80' lang='lat' dir='ltr'>habebat</span> <span class='ocrx_word' id='word_1_463' title='bbox 1339 4265 1463 4331; x_wconf 84' lang='lat' dir='ltr'>eCae·</span> 
     </span>
     <span class='ocr_line' id='line_1_49' title="bbox 138 4335 1462 4412; baseline 0.014 -20"><span class='ocrx_word' id='word_1_464' title='bbox 138 4335 246 4396; x_wconf 84' lang='lat' dir='ltr'>sennia</span> <span class='ocrx_word' id='word_1_465' title='bbox 268 4338 386 4399; x_wconf 82' lang='lat' dir='ltr'>lilium:</span> <span class='ocrx_word' id='word_1_466' title='bbox 422 4358 529 4397; x_wconf 81' lang='lat' dir='ltr'>rtsrrm</span> <span class='ocrx_word' id='word_1_467' title='bbox 551 4337 569 4398; x_wconf 88' lang='lat' dir='ltr'>s</span> <span class='ocrx_word' id='word_1_468' title='bbox 575 4351 725 4400; x_wconf 85' lang='lat' dir='ltr'>ructum</span> <span class='ocrx_word' id='word_1_469' title='bbox 753 4342 891 4402; x_wconf 90' lang='lat' dir='ltr'>omnium</span> <span class='ocrx_word' id='word_1_470' title='bbox 922 4345 1079 4406; x_wconf 86' lang='lat' dir='ltr'>bonorum</span> <span class='ocrx_word' id='word_1_471' title='bbox 1107 4365 1236 4408; x_wconf 88' lang='lat' dir='ltr'>suorum</span> <span class='ocrx_word' id='word_1_472' title='bbox 1265 4344 1462 4412; x_wconf 78' lang='lat' dir='ltr'>Caesenniae</span> 
     </span>
     <span class='ocr_line' id='line_1_50' title="bbox 138 4413 1155 4504; baseline 0.014 -29"><span class='ocrx_word' id='word_1_473' title='bbox 138 4413 243 4497; x_wconf 73' lang='lat' dir='ltr'>legat,</span> <span class='ocrx_word' id='word_1_474' title='bbox 269 4430 303 4480; x_wconf 87' lang='lat' dir='ltr'>ut</span> <span class='ocrx_word' id='word_1_475' title='bbox 325 4419 487 4482; x_wconf 81' lang='lat' dir='ltr'>frueretur</span> <span class='ocrx_word' id='word_1_476' title='bbox 510 4440 568 4480; x_wconf 89' lang='lat' dir='ltr'>uua</span> <span class='ocrx_word' id='word_1_477' title='bbox 592 4441 663 4482; x_wconf 75' lang='lat' dir='ltr'>rrum</span> <span class='ocrx_word' id='word_1_478' title='bbox 688 4422 766 4484; x_wconf 90' lang='lat' dir='ltr'>lilio.</span> <span class='ocrx_word' id='word_1_479' title='bbox 789 4444 851 4504; x_wconf 90' lang='lat' dir='ltr'>pro</span> <span class='ocrx_word' id='word_1_480' title='bbox 876 4424 1013 4488; x_wconf 82' lang='lat' dir='ltr'>Caenina</span> <span class='ocrx_word' id='word_1_481' title='bbox 1037 4429 1076 4499; x_wconf 91' lang='grc'>4,</span> <span class='ocrx_word' id='word_1_482' title='bbox 1102 4428 1155 4489; x_wconf 89' lang='grc'>11.</span> 
     </span>
    </p>
   </div>
   <div class='ocr_carea' id='block_1_4' title="bbox 136 4499 1461 4671">
    <p class='ocr_par' dir='ltr' id='par_1_10' title="bbox 136 4499 1461 4671">
     <span class='ocr_line' id='line_1_51' title="bbox 221 4499 1461 4599; baseline 0.013 -38"><span class='ocrx_word' id='word_1_483' title='bbox 221 4499 268 4561; x_wconf 86' lang='lat' dir='ltr'>Ut</span> <span class='ocrx_word' id='word_1_484' title='bbox 289 4521 334 4561; x_wconf 83' lang='lat' dir='ltr'>ea</span> <span class='ocrx_word' id='word_1_485' title='bbox 357 4522 424 4564; x_wconf 88' lang='lat' dir='ltr'>res</span> <span class='ocrx_word' id='word_1_486' title='bbox 447 4502 539 4563; x_wconf 87' lang='lat' dir='ltr'>mihi</span> <span class='ocrx_word' id='word_1_487' title='bbox 562 4505 907 4590; x_wconf 71' lang='lat' dir='ltr'>inagistratuique</span> <span class='ocrx_word' id='word_1_488' title='bbox 939 4528 1041 4579; x_wconf 89' lang='lat' dir='ltr'>meo,</span> <span class='ocrx_word' id='word_1_489' title='bbox 1077 4512 1235 4591; x_wconf 89' lang='lat' dir='ltr'>populo</span> <span class='ocrx_word' id='word_1_490' title='bbox 1264 4513 1461 4599; x_wconf 74' lang='lat' dir='ltr'>plebique</span> 
     </span>
     <span class='ocr_line' id='line_1_52' title="bbox 136 4576 1327 4671; baseline 0.013 -30"><span class='ocrx_word' id='word_1_491' title='bbox 136 4576 247 4641; x_wconf 78' lang='lat' dir='ltr'>Rom.</span> <span class='ocrx_word' id='word_1_492' title='bbox 270 4583 371 4645; x_wconf 86' lang='lat' dir='ltr'>bene</span> <span class='ocrx_word' id='word_1_493' title='bbox 393 4594 510 4664; x_wconf 85' lang='lat' dir='ltr'>atque</span> <span class='ocrx_word' id='word_1_494' title='bbox 532 4585 911 4651; x_wconf 78' lang='lat' dir='ltr'>feliciterereniat.</span> <span class='ocrx_word' id='word_1_495' title='bbox 945 4612 1006 4671; x_wconf 87' lang='lat' dir='ltr'>pro</span> <span class='ocrx_word' id='word_1_496' title='bbox 1031 4594 1230 4665; x_wconf 73' lang='lat' dir='ltr'>Murrenal,</span> <span class='ocrx_word' id='word_1_497' title='bbox 1257 4598 1288 4657; x_wconf 91' lang='grc'>1.</span> <span class='ocrx_word' id='word_1_498' title='bbox 1322 4632 1327 4639; x_wconf 94' lang='grc'><strong>-</strong></span> 
     </span>
    </p>
   </div>
   <div class='ocr_carea' id='block_1_5' title="bbox 106 4660 1454 4757">
    <p class='ocr_par' dir='ltr' id='par_1_11' title="bbox 106 4660 1454 4757">
     <span class='ocr_line' id='line_1_53' title="bbox 106 4660 1454 4757; baseline 0.017 -37"><span class='ocrx_word' id='word_1_499' title='bbox 106 4723 119 4745; x_wconf 55' lang='grc'><strong>,</strong></span> <span class='ocrx_word' id='word_1_500' title='bbox 220 4660 1454 4757; x_wconf 77' lang='lat' dir='ltr'>Uteorumbonaveneant,quiproseriptisunt,auteoru,</span> 
     </span>
    </p>
   </div>
   <div class='ocr_carea' id='block_1_6' title="bbox 0 0 1608 5318">
    <p class='ocr_par' dir='ltr' id='par_1_12' title="bbox 0 0 1608 5318">
     <span class='ocr_line' id='line_1_54' title="bbox 0 0 1608 5318; baseline 0 0"><span class='ocrx_word' id='word_1_501' title='bbox 0 0 1608 5318; x_wconf 95' lang='lat' dir='ltr'> </span> 
     </span>
    </p>
   </div>
  </div>
 </body>
</html>
