3202 5318
63 284 65 288 ⁴
148 319 190 385 ss
731 322 881 390 sunsx

148 462 251 526 solum
278 483 364 539 esse,
395 464 483 549 quod
503 483 629 546 semper
651 465 714 529 tale
740 464 798 543 sit,
823 465 918 550 quale
939 470 1029 533 ἰδέαν
1051 465 1189 548 appellat
1209 465 1280 543 ille,
1311 487 1372 531 nos
1392 489 1468 553 epe·

147 556 273 620 ciem.”
318 560 419 622 Tuse.
443 557 471 622 I.
493 558 551 634 91,
577 560 632 623 58.
672 562 793 638 Visae,
804 559 976 650 somnae,
1004 561 1152 645 speeies,
1175 582 1262 646 quoe
1282 563 1467 646 generibus

146 651 393 716 subiiciuntur..
430 652 517 735 Top.
540 656 576 730 7,
601 654 656 719 30.
673 653 728 718 ubi
750 677 833 718 nunc
853 655 971 719 rectius
994 656 1113 743 legitur
1131 661 1211 735 εἴδη.

226 747 350 823 Ἴλιός,
380 745 478 813 ttius.
520 749 625 825 Ἰλιὰς
653 753 780 827 κακῶν,
809 750 895 815 Ilios
917 753 1089 816 malorum
1109 748 1324 835 proverbialis
1347 761 1396 815 est
1418 751 1467 816 lo·

144 839 232 906 cutio
250 842 289 904 de
311 840 408 927 longa
430 843 513 907 serie
535 847 705 909 malornm.
753 847 884 919 ,Tanta
905 844 1061 910 malorum
1081 842 1243 930 impendet
1261 845 1404 923 Ἰλιάς.”
1427 848 1467 910 ad

143 934 217 1001 Au.
240 935 343 1000 VIII.
368 939 419 1014 11,
444 938 477 1002 3.

225 1031 331 1109 Ἰλιὰς
352 1032 481 1120 κόρδου.
525 1035 565 1097 ad
588 1034 659 1099 Att.
682 1034 786 1099 XIII.
810 1034 869 1111 19,
893 1034 927 1097 8.
970 1035 1086 1099 Lectio
1109 1045 1158 1099 est
1179 1046 1332 1116 corrupta
1352 1033 1466 1099 editio-

142 1121 190 1185 nis
213 1125 437 1192 Gruterianae.
461 1128 643 1192 Graeviena
663 1129 760 1193 habet
782 1127 881 1193 nihilo
903 1128 1086 1194 meliorem:
1109 1133 1189 1214 μιᾶς
1214 1129 1348 1212 adpulsu.
1375 1129 1466 1211 Quae

143 1215 335 1302 interpretes
357 1221 485 1299 dixere,
509 1221 612 1286 inania
643 1223 745 1287 omnir
771 1235 856 1287 sunt.
900 1222 960 1288 Fr.
985 1223 1107 1289 Odinus
1132 1226 1216 1307 apud
1242 1223 1406 1291 Olivetum
1427 1225 1466 1286 ad

142 1311 177 1375 h.
200 1313 223 1378 l.
244 1314 457 1380 eoniieiebat:
496 1319 646 1398 „Eaturt
675 1322 754 1402 μιᾶς
786 1322 875 1384 ὁδοῦ.
930 1318 1117 1382 Videbimus
1140 1330 1172 1381 te
1195 1317 1335 1402 igitur.’'
1379 1319 1464 1383 Eun.

129 1406 286 1473 'Orellins
301 1409 422 1493 recepit
436 1411 467 1474 1.
491 1412 532 1476 F.
557 1414 718 1478 Gronovii
740 1412 954 1479 coniecturam
975 1417 1128 1498 Μιασμα
1147 1412 1258 1501 δρυός,
1274 1415 1364 1497 quod
1377 1413 1465 1509 vidq.

222 1507 509 1591 Ἷσοδυναμοῦσα,
542 1506 634 1569 idem
653 1511 787 1584 valens,
819 1508 974 1572 eiusdem
991 1508 1193 1592 potestatis,
1217 1507 1465 1592 aequipollens.

142 1601 248 1686 „Ego
281 1611 386 1665 tamen
423 1602 528 1666 habeo
558 1603 819 1686 (exceptionem)
852 1609 1136 1688 ἰσοδυναμοῦσαν,
1167 1606 1224 1667 sed
1255 1601 1474 1668 tenuerent

141 1695 181 1757 ad
203 1696 275 1762 Att.
299 1696 366 1760 VI.
391 1698 427 1774 1,
455 1697 504 1761 15.

223 1792 412 1876 Ἰσονομία,
438 1791 627 1876 aequabilis
648 1792 814 1870 tributio,
837 1793 1087 1879 aequilibritas.
1134 1845 1149 1874 „
1162 1794 1289 1856 Summa
1313 1810 1395 1863 vern
1417 1787 1464 1853 vit

140 1882 302 1948 infinitatis
332 1895 363 1949 et
384 1906 498 1970 magna
521 1906 557 1947 ac
579 1885 721 1971 diligenti
743 1887 1013 1972 contemplatione
1036 1886 1218 1971 dignissima
1240 1898 1311 1959 cst;
1342 1880 1464 1968 ,inqua

139 1975 273 2063 intelligi
302 1998 431 2043 necesse
454 1989 502 2043 est
522 1999 590 2042 eam
613 2001 683 2044 esse
705 1992 868 2058 naturam,
903 1993 938 2045 ut
960 1981 1064 2046 omnia
1088 1981 1233 2047 omnibus
1254 1976 1389 2062 pardurq
1407 1998 1463 2060 pa·

138 2070 186 2134 rin
207 2076 435 2156 respondeant.
480 2074 576 2138 Hanc
598 2084 772 2160 ἰσονομίαν
792 2075 932 2159 appellet
953 2076 1133 2157 Epicurus,
1166 2074 1198 2138 id
1220 2084 1289 2146 est,
1313 2072 1464 2158 aequabi-

138 2166 199 2230 lem
230 2167 479 2232 tributioncm.”
523 2171 562 2232 de
591 2171 668 2234 Nat.
698 2171 804 2235 Deor.
827 2170 857 2234 Ι.
882 2170 941 2247 19,
973 2171 1026 2234 50.
1049 2205 1090 2216 -
1141 2167 1329 2254 „Coniugis
1350 2168 1394 2231 ad
1414 2188 1463 2230 ae·

139 2262 367 2349 quilibritatem
390 2263 457 2343 (sic
478 2262 561 2326 enim
584 2273 772 2349 ἰσονομίαν,
801 2264 827 2328 si
848 2265 971 2348 placet,
996 2264 1210 2347 appellemus)
1232 2273 1264 2325 et
1286 2264 1350 2340 ais,
1381 2283 1460 2346 qun·

138 2357 222 2421 niam
250 2358 291 2422 sit
313 2369 425 2421 natura
447 2358 610 2435 mortalis,
641 2360 849 2424 immortalem
873 2353 965 2422 etia'm
989 2380 1058 2422 esse
1080 2359 1274 2440 oportere.”
1319 2358 1359 2421 de
1383 2359 1460 2422 Nat.

137 2452 244 2518 Deor.
266 2454 297 2518 Ι.
321 2453 374 2529 99,
401 2454 473 2516 109.
496 2454 615 2517 -Est
635 2454 828 2520 vocabulum
851 2453 1067 2535 Epicureum,
1093 2472 1158 2537 quo
1180 2452 1366 2524 utebantur,
1391 2472 1460 2514 cum

137 2550 219 2612 hanc
241 2570 311 2612 esse
333 2568 441 2611 rerum
464 2560 607 2610 naturam
628 2546 847 2632 rationemque
870 2549 1032 2622 dicerent,
1057 2558 1092 2609 ut
1107 2543 1213 2611 omnia
1234 2542 1383 2608 omnibus
1405 2566 1460 2628 pa·

136 2644 226 2708 ribus
254 2641 344 2724 paria
372 2644 625 2725 responderent,
658 2643 722 2706 hoc
745 2654 810 2719 est,
842 2640 931 2704 utin
954 2639 1285 2723 paribusrebuspar
1313 2650 1401 2704 esset
1428 2660 1458 2700 v.

138 2757 170 2800 c.
199 2736 369 2800 multitudo
398 2748 430 2799 ct
458 2736 565 2818 copia.
617 2735 670 2799 Sic
697 2758 767 2799 eum
792 2737 971 2800 mortalium
995 2745 1079 2797 tanta
1103 2731 1271 2795 multitudo
1293 2721 1355 2804 sil,
1392 2745 1460 2788 este

12 2836 17 2847 '
136 2831 359 2896 immortalium
383 2849 446 2894 non
470 2830 645 2905 minorem,
669 2841 701 2892 et
723 2853 793 2895 cum
816 2830 1009 2894 intereuntes
1032 2851 1084 2895 res
1106 2821 1352 2891 innumerabiles
1382 2819 1458 2897 sint,

138 2924 230 2988 etiam
253 2946 324 3001 eas,
350 2947 430 3008 quiae
453 2936 742 3010 conservarentur,
767 2924 904 2987 infinitas
926 2947 995 2989 esse
1018 2928 1148 2988 debere.
1192 2921 1278 2984 Euu.

218 3024 227 3044 ³
230 3010 398 3107 Ισωρικά,
407 3010 507 3074 rebus
515 3032 592 3073 vere
601 3009 787 3073 narrandis
796 3004 1353 3088 accommodaeauiuorica...Non
1362 3015 1458 3087 ἐγκω·

41 3182 47 3199 ,
137 3115 300 3200 μιαστικά
320 3125 394 3181 sunt
415 3116 513 3190 haec,
538 3114 594 3177 sed
610 3113 778 3198 ἱστορικά,
803 3135 883 3196 quae
900 3112 1123 3196 scripsimus.’'
1146 3107 1458 3183 adsecutum.

219 3209 424 3296 Ἰστορικόν,
459 3206 552 3293 quod
572 3208 620 3269 ad
640 3207 822 3270 historiam
846 3209 1013 3291 pertinet,
1045 3207 1260 3272 historicum.
1312 3204 1368 3278 ,E
1391 3200 1457 3289 qni·

137 3306 197 3367 bns
219 3301 353 3384 (libris)
375 3323 470 3366 senum
494 3302 660 3390 ἱστορικὸν
681 3300 819 3385 requiris
841 3305 879 3366 de
902 3302 965 3369 Cn.
989 3302 1105 3366 Flavio
1129 3303 1213 3368 Anci
1233 3300 1287 3366 f.’'
1325 3301 1365 3364 ad
1387 3304 1456 3366 Ate.

138 3398 204 3463 v1.
228 3401 265 3474 1,
289 3399 322 3461 8.
1391 3442 1399 3449 .

220 3491 510 3582 Ἵστορικώτατος,
549 3490 775 3555 historiarum
806 3491 1055 3575 peritissimus.
1113 3490 1357 3567 ,Dicaearchus
1392 3498 1458 3553 eru

139 3585 430 3677 ἱστορικότατος.”
474 3589 514 3649 ad
535 3588 606 3650 Au.
629 3585 696 3650 Vl.
720 3587 759 3660 9,
783 3586 816 3649 3.

219 3685 339 3760 ’leton
361 3679 523 3745 eundum.
568 3681 608 3743 ad
630 3681 703 3743 Au.
727 3680 829 3743 XIV.
854 3681 913 3756 99,
937 3680 973 3746 9.

224 3778 343 3862 slepi,
379 3775 554 3850 illecebra,
589 3774 816 3851 desiderium,
848 3775 1007 3858 pellacia.
1062 3781 1104 3841 ad
1135 3781 1205 3845 Au.
1237 3781 1320 3850 Vll.
1352 3785 1392 3864 8,
1426 3787 1456 3850 5.

138 3872 224 3938 Vide
247 3893 306 3938 nos
327 3873 367 3935 ad
388 3871 543 3953 Xenoph.
567 3869 753 3934 Memoreb.
775 3890 811 3952 p.
835 3872 909 3935 157.
933 3872 1036 3954 Eum]

774 4057 829 4141 K.

218 4253 397 4328 Καθῆκον,
424 4245 604 4339 officium.
630 4245 756 4326 „Quod
776 4249 816 4312 de
837 4247 1045 4332 inscriptione
1068 4250 1211 4335 quaeris,
1235 4271 1301 4317 non
1325 4254 1454 4330 dubito,

137 4342 213 4428 quin
242 4349 388 4423 καθῆκον
416 4339 585 4433 officium
606 4339 665 4417 sit,
696 4340 755 4405 nisi
777 4341 853 4425 quid
875 4352 909 4407 tu
937 4343 1068 4409 aliud.''
1113 4347 1152 4407 ad
1174 4347 1246 4410 Aer.
1269 4348 1373 4414 XVI.
1397 4353 1455 4426 11,

136 4438 233 4502 1.-
279 4436 388 4521 „Mihi
411 4456 475 4500 nou
498 4446 546 4498 est
567 4435 713 4511 dubium,
749 4437 844 4521 quin,
879 4442 968 4521 quod
989 4439 1106 4503 Graeci
1127 4444 1292 4520 καθῆκον,
1316 4464 1377 4507 nos
1397 4442 1458 4531 of·

127 4529 270 4608 ficium.
313 4533 353 4594 ad
374 4528 446 4596 A'u.
468 4531 570 4594 XVI.
595 4531 651 4606 11,
682 4529 712 4596 3.
735 4562 776 4573 -·
819 4533 984 4612 „Primum
1013 4544 1061 4596 est
1094 4534 1234 4598 officium
1257 4573 1299 4584 -
1320 4537 1353 4602 id
1375 4540 1456 4602 euim

133 4623 263 4707 appello
285 4628 430 4704 καθῆκον
452 4658 488 4671 ·-
514 4636 549 4688 ut
570 4645 605 4689 se
626 4636 798 4689 conservet
819 4624 852 4689 in
874 4639 1005 4691 naturae
1032 4628 1160 4693 statu.”
1203 4633 1243 4693 de
1265 4630 1364 4696 Finn.
1388 4632 1456 4697 III.

132 4718 172 4797 5,
197 4717 250 4782 90.
275 4751 316 4770 --
358 4720 426 4793 ,Et
446 4716 581 4783 medium
603 4720 762 4803 quoddam
784 4719 926 4786 officium
950 4720 1065 4786 dieitur
1088 4733 1121 4787 et
1140 4722 1336 4808 perlectum.
1375 4726 1456 4791 Per·
