3202 5318
542 307 970 405 craneo-namus.
1390 345 1451 408 ue
1549 366 1554 381 =

137 488 167 540 et
188 488 323 541 naturae
349 476 520 553 rationem,
546 486 638 561 quiam
664 485 881 561 φυσιολογίαν
904 477 1021 542 Graeci
1043 478 1217 561 appellant,
1250 493 1355 545 uotam
1382 504 1451 548 esse
1482 550 1486 562 ⁸

136 570 195 633 sibi
226 571 463 653 profitebatur,
497 581 530 632 et
555 571 668 652 partim
695 571 834 655 auguriis
862 571 977 654 partim
1005 561 1218 652 coniecturas
1239 597 1318 659 qrrae
1347 590 1450 641 essent

134 663 258 738 futura,
283 664 454 727 dicebat.”·
493 668 530 725 de
551 664 658 729 Divin.
682 666 711 729 1.
734 667 795 743 11,
819 665 872 728 90.
1480 670 1485 679 “
1525 660 1528 667 '

219 759 417 845 Φωςᾳόρος,
443 756 605 849 Lucifer,
628 761 725 823 stella
755 758 910 825 Veneris.
960 758 1096 838 „Infima
1117 771 1165 822 est
1182 761 1321 848 qrrinque
1340 783 1449 826 errau-

134 849 210 913 tinm
234 863 406 936 terraeque
428 853 574 932 proxima
599 853 688 914 stella
716 850 870 928 Veneris,
906 872 986 933 quae
1008 853 1182 941 φωςφόρος
1205 855 1350 932 Graece,
1385 860 1450 922 La·

137 946 198 1007 tine
231 944 350 1007 dicitur
372 944 523 1018 Lucifer,
555 967 624 1006 curu
654 945 872 1029 antegreditur
902 944 1020 1021 solem,
1056 968 1126 1009 curn
1159 949 1362 1034 subsequitur
1395 974 1450 1015 au·

136 1049 215 1113 tem,
243 1037 459 1120 Hesperus.''
503 1041 542 1100 de
564 1039 641 1102 Nat.
663 1039 766 1103 Deor.
789 1038 838 1101 11.
862 1035 918 1115 30,
943 1039 995 1102 53.

765 1221 824 1304 Χ.

218 1413 341 1491 Χαῖρε,
366 1411 470 1473 salue.

261 1506 445 1589 ,Χαῖοε,
469 1504 628 1588 inpune,
653 1505 749 1568 Titer
781 1504 933 1579 lictores,
956 1516 1073 1577 trerma
1096 1504 1220 1579 omni’,
1246 1509 1446 1594 cohorsque.

288 1600 439 1680 Χαῖρε,
464 1599 565 1662 Tite!
597 1597 687 1661 Hinc
709 1599 816 1662 hostis
838 1599 887 1662 mi
904 1599 1081 1675 Albucius,
1106 1599 1184 1663 hine
1208 1600 1405 1665 inimicus.''
1489 1628 1492 1651 ·

136 1692 170 1753 de
194 1689 293 1753 Finn.
319 1690 349 1753 1.
373 1691 410 1767 3,
442 1691 473 1755 9.
498 1692 578 1753 Sunt
602 1712 712 1754 versus
733 1691 862 1756 Lucilii.

217 1783 418 1868 Χαρακτῆρ,
435 1781 570 1874 sorano
591 1785 661 1860 rei,
691 1807 760 1870 quo
783 1785 935 1850 mauriane
963 1785 1164 1868 agnoscitur
1185 1808 1242 1848 res
1263 1798 1296 1850 et
1317 1787 1448 1851 indica.

136 1889 209 1950 uer,-
231 1876 431 1959 descriptio.
477 1877 534 1951 „lu
557 1878 699 1942 omnine
722 1877 940 1943 difficillimum
963 1890 1010 1939 est
1032 1878 1166 1940 sormam
1189 1880 1256 1961 (qui
1277 1885 1447 1968 χαρακτήρ

136 1975 262 2035 Graece
288 1970 419 2048 dicitur)
449 1992 612 2053 exponere
634 1972 766 2054 optimi:
797 1975 884 2056 qrrod
906 1971 989 2034 aliud
1011 1971 1078 2034 aliis
1094 1972 1225 2034 'videtur
1247 1975 1412 2055 optimum.
1429 1976 1446 2000 ''

137 2065 257 2129 Orator
283 2062 339 2140 11,
364 2064 416 2126 36.
440 2095 480 2108 ·-
525 2066 622 2146 „lam
641 2067 744 2129 forma
760 2067 827 2148 ipsa
852 2077 950 2127 restat
972 2078 1003 2128 et
1023 2067 1193 2152 χαρακτὴρ
1216 2064 1287 2141 iile,
1324 2069 1376 2150 qui
1401 2069 1446 2130 di·

136 2158 235 2230 ritnr;
258 2157 313 2240 qni
337 2157 438 2240 qualis
459 2160 569 2223 debeat
590 2181 677 2233 csse,
709 2181 749 2223 ex
772 2159 809 2222 iis
831 2159 927 2241 ipsis,
952 2180 1033 2242 quae
1055 2180 1151 2240 supra
1172 2159 1253 2221 dicta
1274 2172 1365 2235 siunt,
1399 2162 1446 2223 in·

135 2248 236 2336 telligi
258 2250 402 2332 potcst.''
424 2251 546 2314 Orator
569 2252 627 2327 39,
653 2252 725 2316 131.
749 2283 789 2294 -
826 2253 991 2331 „Additur
1013 2250 1105 2314 ctiam
1128 2251 1329 2334 descriptio,
1352 2275 1444 2337 quam

133 2348 327 2432 χαρακτῆρα
350 2344 467 2406 Graeci
491 2345 646 2408 vocant.'’
691 2348 778 2427 'l'op.
801 2346 861 2418 33,
888 2345 941 2407 83.

213 2437 415 2524 Χαρακῐῆρ,
430 2439 528 2502 stilus
542 2436 709 2529 usnemu
729 2437 916 2511 orationis,
940 2458 1049 2518 genus
1067 2435 1214 2500 dicendi.
1261 2490 1276 2520 „
1288 2437 1350 2502 Dic
1372 2440 1445 2502 mihi

135 2540 266 2609 venna,
291 2553 364 2593 num
384 2524 436 2593 aut
460 2554 511 2594 res
530 2553 599 2596 eum
623 2531 836 2612 (Caesarem)
860 2543 910 2592 aut
932 2529 1103 2616 χαρακτήρ
1129 2533 1296 2610 (versuum
1318 2544 1447 2598 nostro-

133 2626 224 2704 rum)
246 2645 314 2689 non
335 2625 517 2688 deiectat?’'
562 2628 601 2689 ad
624 2627 667 2707 Q.
690 2625 733 2688 ir.
759 2625 806 2689 ll.
832 2625 892 2697 16,
917 2626 948 2687 5.

84 2786 90 2795 ,
216 2719 311 2799 Xon»)
338 2718 496 2802 ἄκρατος,
524 2719 600 2783 bitis
625 2741 733 2783 mero.
778 2718 915 2799 ,Χολῆν
936 2717 1082 2800 dromon
1103 2729 1198 2780 noctu
1218 2717 1312 2781 eieci:
1343 2720 1445 2781 atatim

131 2810 172 2874 ita
192 2831 264 2875 snm
287 2812 427 2887 levatus,
452 2826 485 2875 ut
506 2813 581 2875 mihi
599 2815 674 2877 deus
701 2811 813 2896 aliquis
836 2811 1018 2875 medicinam
1044 2810 1157 2874 secisse
1180 2810 1365 2876 videatur.’'
1404 2811 1447 2875 'ad

132 2904 224 2969 Fam.
246 2904 348 2969 xlv.
372 2910 409 2980 3,
436 2910 466 2970 1.
746 2902 749 2909 ’

214 3001 343 3086 Koloe,
370 2999 518 3080 peccunia
552 3012 671 3063 mutuo
704 3011 853 3082 sumpto.
911 3000 1095 3078 „Quattuor
1126 2998 1309 3081 tragoedias
1341 3000 1442 3064 xt’l.

130 3092 246 3175 diebus,
262 3092 438 3156 absolvisse
459 3115 528 3156 curn
543 3096 682 3168 scribas,
715 3107 748 3156 tu
767 3095 936 3177 quidquam
960 3095 998 3153 ab
1020 3092 1083 3153 aiio
1105 3092 1274 3166 mutuaris,
1299 3106 1329 3155 et
1350 3108 1443 3176 χρέο,-

132 3186 203 3261 (alii
227 3188 336 3265 κλέος)
359 3187 500 3270 quaeris,
536 3209 606 3249 cum
629 3187 791 3250 Electram
820 3200 850 3249 et
883 3189 1043 3249 'l'roadcrn
1073 3183 1293 3266 scripseris?’'
1337 3191 1376 3248 art
1400 3190 1441 3266 Q.

132 3279 172 3342 ir.
196 3280 266 3343 111.
290 3281 328 3354 6,
353 3283 384 3341 7.

218 3376 337 3459 Χροοῖν
361 3378 544 3449 ἀποκοπαί,
567 3374 723 3457 φυγάδων
743 3374 895 3449 κάθοδοι,
917 3374 1052 3436 tnbrdne
1074 3393 1197 3447 novae,
1225 3375 1368 3436 exulum
1390 3397 1442 3435 re·
1480 3397 1484 3409 ¹

133 3465 237 3530 ditus.
294 3470 435 3550 ,Χρεῶν
463 3469 650 3544 ἀποκοπάς,
678 3470 832 3550 φυγάδων
859 3471 1036 3542 κοθόδους,
1066 3479 1212 3527 sexcenta
1241 3466 1300 3529 alia
1323 3466 1441 3528 scelera

134 3560 273 3626 moliri.’'
323 3564 363 3624 ad
391 3563 652 3637 Au.V11.11,
689 3567 719 3624 1.
764 3561 842 3625 Vid.
868 3561 968 3633 Corte
991 3564 1028 3622 ad
1053 3562 1169 3624 Saiust.
1195 3559 1291 3623 Carit.
1316 3561 1374 3632 31,
1409 3561 1440 3620 3.

214 3654 342 3742 Χοῆσει
362 3667 437 3738 μὲν,
463 3656 571 3734 κτήσει
596 3661 644 3730 δι’,
669 3676 736 3717 usit
760 3655 910 3738 quidem,
933 3655 1147 3736 possessione
1168 3666 1296 3718 aretem.
1341 3655 1441 3725 „Sum

134 3749 245 3833 χρῆσει
260 3759 321 3832 μὲν
337 3759 427 3826 tuus,
452 3751 561 3830 κτήσει
580 3755 614 3814 δὲ
631 3747 732 3812 Attici
753 3748 871 3811 nostri:
896 3769 978 3827 ergo
1001 3748 1122 3811 fructus
1144 3760 1190 3809 est
1213 3760 1301 3821 tuus,
1326 3744 1444 3808 manci·

133 3841 214 3923 ρὶιω
243 3839 347 3905 itlius:
382 3845 469 3926 qtrod
492 3843 616 3927 quidem
639 3842 666 3904 si
685 3842 766 3904 inter
784 3863 874 3904 senes
898 3842 1146 3921 coemptiouales
1170 3843 1279 3903 uenale
1301 3839 1444 3921 proscri-

133 3934 249 4016 pserit,
273 3936 377 4020 egerit
398 3960 461 4001 non
485 3936 655 4000 multum.”
699 3939 736 3998 ad
759 3936 848 3999 Fam.
871 3936 953 4000 Vll.
978 3933 1035 4009 39,
1062 3938 1093 3998 1.

214 4030 403 4117 Χοῆσιμοι,
427 4032 546 4107 utiles,
565 4029 681 4122 frugi
705 4032 870 4094 homiues.
916 4030 1034 4102 „Haud
1059 4028 1126 4092 scio
1146 4048 1185 4090 an
1208 4037 1296 4091 recte
1324 4046 1358 4088 ea
1378 4023 1444 4086 uir·

134 4135 179 4188 tua
212 4125 461 4209 (σωφροσύνη)
492 4125 659 4210 frugalius
694 4122 847 4206 appeltari
883 4122 1129 4217 possit‚3qrrod
1161 4119 1325 4204 angustius
1359 4120 1443 4198 apud

135 4217 277 4283 Graecos
301 4218 401 4294 vaiet,
427 4217 479 4302 qni
504 4218 591 4302 frugi
615 4217 756 4281 homines
778 4229 955 4299 χρησίμους
977 4216 1156 4298 appeliant,
1180 4215 1212 4276 id
1237 4224 1284 4275 est
1308 4223 1442 4274 tantum·

136 4314 226 4378 nodo
249 4312 361 4384 utiles3
385 4324 415 4374 at
437 4313 514 4373 iliud
536 4323 583 4374 est
609 4312 741 4373 iatius.''
786 4313 885 4372 'l'rrsc.
909 4310 976 4372 111.
999 4310 1036 4382 8,
1063 4310 1113 4374 16.

211 4407 390 4492 Χρησμός,
418 4407 609 4480 oraculum,
638 4404 848 4466 vaticinatio.
871 4406 910 4464 ad
933 4406 1005 4465 Att.
1029 4402 1093 4464 IX.
1118 4403 1174 4477 10,
1199 4401 1229 4464 5.

210 4501 474 4585 Χρηστομαδῆς,
495 4499 554 4584 qui
576 4501 684 4562 multa
705 4497 806 4560 utilia
826 4497 957 4559 didicit.
1000 4496 1069 4573 „Q.
1093 4494 1193 4557 frater
1216 4514 1318 4556 secum
1346 4494 1441 4557 habe·

136 4593 184 4654 bat
212 4594 372 4658 hominem
402 4597 633 4680 χρηστομαθῆ,
665 4592 710 4656 D.
742 4588 978 4653 Turannium.”
1028 4589 1068 4651 ad
1096 4589 1166 4652 Att.
1198 4588 1227 4651 I.
1252 4588 1287 4660 6,
1323 4588 1353 4650 3.
1385 4585 1439 4651 ct.

137 4685 253 4750 Mureti
275 4688 377 4763 Varr.
401 4688 508 4751 Lectt.
533 4689 591 4763 19,
615 4687 648 4751 3.
670 4708 704 4768 p.
728 4686 803 4749 330.

213 4782 443 4868 Χροοιῶτερα,
466 4782 699 4847 diuturniora.
744 4777 837 4864 „Qui
861 4777 1005 4856 veniunt,
1032 4780 1186 4846 ἀκίνδυνα
1206 4794 1281 4866 μέν,
1305 4781 1441 4864 χρονιώ-

200 4896 327 4945 Οιοιιιι.
348 4897 400 4944 Cic.
420 4898 465 4946 111.
1272 4895 1285 4941 3
