3202 5318
629 311 781 377 INDEX
800 311 983 378 LEGU'M.
1395 314 1455 379 129

131 452 222 535 quod
246 449 341 515 Aelia
363 449 417 514 lex
439 447 582 527 iusserit,
620 450 673 514 uti
692 450 841 514 comitiis
850 449 1090 542 ferendarum
1114 452 1230 535 legum
1250 474 1318 516 nan
1341 455 1456 518 minus

131 566 239 631 qnam
270 544 538 627 magistratuum
568 545 797 631 creandorum
828 545 869 606 de
898 547 993 606 caela
1017 545 1198 618 servandi,
1231 546 1456 611 obnuntiandi

133 637 434 723 intercedendique
468 638 523 699 ius
559 649 661 721 atque
685 648 840 719 potestas
867 649 974 710 esset3
1011 638 1103 700 Fufia
1129 660 1208 702 vero
1237 640 1376 715 caverit,
1413 660 1457 704 ne

121 729 243 824 saetis
264 730 384 793 diebus
399 752 504 814 agere
524 752 602 793 cum
624 728 1134 820 populo'legumferendarurn
1152 728 1340 821 conrasas
1354 718 1458 798 esses

133 827 203 890 Has
232 824 335 907 igitur
364 824 495 886 mirifice
524 829 722 886 commendat
750 822 868 906 ultique
896 823 1035 899 'l'ullius,
1074 825 1161 906 quasi
1191 837 1277 888 certa
1305 826 1456 888 adversus

136 916 331 981 tribunicios
352 917 484 980 furores
506 915 675 980 subsidia.”
718 919 883 979 Hactenus
909 915 1061 1000 Pighius,
1096 928 1128 979 et
1149 928 1237 980 recte
1260 917 1400 1000 quidem,
1431 920 1458 982 si

133 1011 215 1096 qnid
245 1010 354 1073 rideo.
399 1009 567 1073 Ernestins
596 1031 675 1073 vero
705 1009 807 1095 legem
831 1009 955 1074 Aeliam
978 1012 1018 1071 ab
1041 1022 1172 1074 anctore
1194 1015 1237 1093 Q.
1260 1012 1358 1077 Aelio
1379 1033 1458 1075 con-

133 1106 205 1171 sule
226 1125 258 1167 a.
282 1126 315 1166 ιι.
339 1126 368 1167 c.
390 1104 465 1167 586.
497 1104 587 1164 latam
618 1125 687 1166 esse
709 1101 890 1178 contendit,
915 1103 1062 1186 additque
1086 1104 1233 1187 Pighium
1257 1105 1458 1167 tribuniciam

133 1208 250 1281 putare
279 1217 311 1259 a.
343 1218 375 1257 ιι.
407 1195 541 1259 val.
571 1197 681 1270 latam,
716 1198 794 1277 (quo
818 1194 849 1257 in
878 1218 1009 1259 nurnero
1037 1195 1145 1258 vilium
1177 1210 1225 1260 est
1251 1219 1310 1280 per
1339 1198 1460 1283 aliquot

137 1289 293 1354 editiones
323 1287 434 1354 Clavis
464 1288 694 1353 Ciceronianae
735 1289 841 1371 [etiam
876 1289 1078 1352 novissimam
1107 1311 1124 1353 a
1158 1292 1272 1355 Reinio
1305 1297 1461 1375 curatam]

135 1394 373 1466 propagatum
396 1382 529 1466 Pighius
553 1384 634 1446 enim
657 1383 759 1466 legem
782 1380 904 1445 Aeliam
928 1394 959 1444 ct
975 1382 1096 1444 Fufiam
1112 1405 1196 1447 anno
1211 1385 1299 1447 urhis
1313 1384 1461 1449 conditae

137 1473 327 1541 Dxcvss.
354 1475 526 1560 assignato:
564 1479 651 1561 quod
679 1497 738 1557 per
764 1476 869 1539 locum
901 1474 1056 1538 orationis
1085 1476 1116 1538 in
1146 1476 1256 1541 Pison.
1287 1463 1377 1542 credi
1396 1499 1461 1544 non

137 1589 251 1650 posse.
295 1573 342 1633 At
364 1569 444 1633 enim
468 1590 507 1633 eo
530 1568 604 1633 loco
629 1568 745 1633 Cicero
768 1568 827 1631 ait:
851 1580 985 1630 ιιιιιιιιιι
1002 1589 1111 1652 prope
1132 1591 1242 1634 annos
1262 1573 1373 1655 legem
1392 1574 1462 1636 Ae·

137 1663 223 1727 liam
244 1674 278 1727 et
300 1663 438 1742 Fufiam
459 1674 697 1736 tenueramns;
718 1661 787 1724 scil.
813 1673 885 1723 ante
905 1661 1034 1725 Pisonis
1057 1676 1087 1725 et
1104 1663 1230 1726 Gabinii
1252 1665 1461 1735 consulatum,

138 1755 197 1838 qni
223 1756 333 1819 incidit
362 1757 393 1818 in
420 1776 450 1818 a.
475 1778 506 1821 ιι.
531 1756 605 1819 695.
650 1757 743 1838 Ergo
766 1757 806 1816 ah
829 1777 857 1818 a.
881 1776 913 1816 u.
937 1776 966 1817 c.
990 1755 1081 1830 597„
1116 1778 1179 1838 quo
1204 1756 1338 1841 Pighius
1360 1757 1462 1840 legem

139 1849 266 1915 Aeliam
290 1862 322 1914 et
344 1849 466 1914 Fufiam
489 1849 583 1911 latam
606 1871 674 1912 esse
697 1846 876 1919 contendit,
901 1852 1062 1932 usquead
1085 1871 1111 1914 a.
1128 1872 1159 1915 ιι.
1177 1850 1249 1914 695.
1274 1851 1463 1912 effluxerunt

141 1953 218 2008 octo
248 1956 281 2006 et
308 1943 482 2027 nonaginta
511 1942 582 2004 anni
613 1945 646 2007 h.
671 1963 701 2004 c.
733 1961 838 2023 prope
858 1954 999 2017 centum,
1033 1954 1067 2004 ιιι
1091 1942 1210 2006 Cicero
1233 1944 1349 2008 diserte
1370 1946 1463 2007 dixit.

142 2036 175 2099 Si
204 2058 288 2101 vero
315 2037 369 2100 lex
397 2037 508 2111 Aelia,
541 2048 574 2097 ιιι
596 2036 760 2099 Ernestius
784 2037 929 2117 putabat,
964 2057 992 2098 a.
1018 2058 1048 2098 ιι.
1072 2037 1146 2099 586.
1170 2037 1230 2099 lata
1260 2050 1359 2114 essct,
1392 2037 1464 2100 inde

141 2150 244 2216 usque
267 2132 307 2192 ad
328 2131 525 2195 consulatum
549 2129 678 2193 Pisonis
701 2141 731 2191 et
754 2129 881 2193 Gabinii
905 2128 1098 2191 effluxissent
1120 2130 1193 2193 anni
1216 2129 1329 2208 clx„
1354 2145 1387 2195 nt
1408 2131 1465 2197 Ci-

143 2225 255 2291 ceroni
279 2224 443 2286 dicendum
466 2223 573 2306 potius
595 2223 724 2303 suisset:
749 2225 842 2284 ultra
863 2235 997 2283 centum
1020 2243 1130 2286 annos
1150 2226 1260 2306 legem
1281 2242 1315 2289 et
1330 2225 1467 2289 Aeliam

144 2330 176 2383 et
188 2316 332 2396 hastam
347 2329 579 2380 tenueramus.
625 2314 775 2380 Ceterum
794 2316 961 2377 Ernestins
984 2317 1022 2376 de
1046 2316 1116 2397 lege
1139 2316 1231 2379 Aelia
1254 2318 1300 2382 sic
1320 2317 1465 2381 disserit:

229 2410 351 2492 „Aelia
374 2411 445 2492 lege
467 2421 593 2472 catrtimr
617 2421 681 2483 est,
706 2419 757 2481 ιιι,
783 2405 908 2490 quoties
935 2407 1060 2469 comitia
1089 2420 1215 2481 essent,
1256 2410 1288 2489 1)
1309 2408 1352 2472 de
1373 2413 1467 2473 caelo

143 2524 286 2571 me
315 2503 430 2567 liceret
437 2526 450 2575 ,·
487 2505 520 2583 9)
541 2502 745 2566 obnuntiare
765 2501 898 2572 liceret,
932 2500 1249 2585 obnuntiationiqne
1270 2503 1389 2568 cedere
1410 2524 1469 2567 ne·

145 2618 240 2663 ιιιιι
260 2608 371 2668 esset,·
393 2597 426 2676 3)
448 2596 656 2660 intercedere
679 2594 907 2679 magistratus
924 2614 1030 2676 pares
1050 2607 1084 2657 et
1105 2594 1235 2657 tribuni
1252 2608 1413 2678 possent:
1435 2609 1468 2660 ιιι

143 2688 333 2776 intelligitur
355 2712 397 2752 ex
419 2702 502 2754 orat.
526 2711 587 2772 pro
611 2688 717 2752 Sestio
738 2708 769 2750 c.
795 2688 844 2749 15.
868 2697 898 2748 et
920 2690 960 2748 de
982 2688 1129 2767 provinc.
1153 2709 1243 2751 cons.
1267 2690 1364 2755 e..19.
1387 2692 1468 2753 Eam

145 2785 177 2849 in
196 2784 316 2851 Pisoa.
339 2805 370 2849 c.
394 2784 425 2846 l.
449 2795 572 2848 centum
598 2781 686 2844 annis
708 2793 779 2844 ante
802 2779 929 2843 Pisonis
951 2790 983 2843 et
1005 2781 1133 2844 Gabinii
1155 2782 1353 2847 consulatum
1375 2784 1468 2847 latam

146 2876 186 2942 ait
208 2877 352 2942 Cicero:
383 2879 470 2958 quod
499 2876 558 2938 etsi
588 2897 651 2939 non
675 2878 714 2937 ad
739 2876 872 2936 litteram
896 2873 1127 2954 accipiendum,
1158 2887 1347 2940 tamennon
1368 2880 1468 2941 multo

145 2971 276 3055 longius
300 2982 423 3051 tempus
445 2969 660 3031 intercessisse
684 2969 801 3030 clarum
825 2979 890 3028 est:
915 2966 1008 3050 idque
1031 2968 1180 3031 convenit
1195 2970 1269 3032 satis
1285 2992 1354 3034 cum
1370 2992 1467 3045 anno,

147 3087 240 3150 quem
263 3084 326 3127 nos
348 3062 522 3145 posuimus.
568 3065 648 3124 Nam
672 3062 761 3125 locus
784 3064 822 3122 ad
844 3062 915 3122 Att.
937 3061 966 3123 I.
991 3062 1066 3136 16.,
1096 3063 1148 3125 ιιΙιί
1171 3065 1283 3126 Lurco
1307 3085 1376 3126 οιιιιι
1399 3065 1470 3148 lege

146 3160 238 3223 Aelia
263 3158 359 3220 inisse
382 3157 599 3239 magistratum
628 3156 757 3230 dicitur,
792 3157 875 3216 hand
898 3154 990 3215 dubie
1014 3166 1060 3216 cst
1083 3169 1271 3238 corruptus,
1307 3159 1345 3220 de
1368 3179 1470 3240 coque

148 3252 222 3316 alihi
245 3253 399 3314 dicemus.
445 3253 506 3313 Sed
529 3253 566 3312 dc
589 3250 700 3330 primis
723 3253 846 3311 duobus
869 3251 947 3331 legis
966 3250 1120 3329 caprilibus
1136 3250 1251 3332 aliquid
1268 3254 1469 3316 monendum.

148 3345 260 3409 Primo
291 3345 371 3405 haec
400 3345 451 3405 lex
484 3355 601 3404 tantum
626 3346 665 3404 ad
687 3343 813 3405 comitia
837 3344 959 3426 legibus
983 3344 1118 3404 l'crcndis
1142 3344 1290 3425 pertinet.
1334 3346 1416 3408 Nam
1439 3345 1469 3406 in

147 3437 285 3503 comitiis
318 3438 553 3521 magistratibus
586 3436 729 3498 creandis
759 3458 821 3497 non
851 3436 925 3497 licet
958 3457 1085 3498 servare
1119 3440 1157 3499 de
1180 3439 1285 3512 caclo,
1321 3437 1378 3501 uisi
1400 3438 1469 3520 quis

149 3546 219 3595 ante
234 3533 414 3595 ostenderit
436 3553 469 3593 se
493 3543 708 3604 servaturum,
731 3543 795 3591 ute
817 3529 996 3611 Philippica
1014 3533 1149 3591 secimda
1169 3544 1303 3593 constat.
1348 3531 1470 3595 Deinde

144 3646 287 3705 gerrare
311 3625 352 3687 de
374 3628 487 3701 caela,
514 3636 547 3687 ιιι
570 3645 636 3686 urea
656 3626 719 3685 sert
743 3623 870 3704 opinio,
896 3646 958 3685 non
982 3625 1019 3683 ad
1036 3644 1128 3686 onrne
1144 3625 1356 3705 auspiciorum
1373 3646 1471 3708 genus

147 3720 308 3801 pertint,
333 3721 389 3781 sed
411 3720 448 3780 ad
466 3740 560 3780 ιιιιιιιιι
581 3730 720 3779 ιιιιιιιιιι
745 3718 825 3779 Ιονι
844 3717 987 3797 fulgente
1007 3738 1070 3778 non
1094 3728 1227 3798 possunt
1249 3717 1319 3780 fieri
1335 3717 1473 3780 comitia.

152 3814 265 3896 ltaque
286 3833 423 3878 servare
447 3812 486 3876 ile
510 3814 604 3874 caelo
627 3823 675 3874 cst
695 3814 825 3873 ciseium
840 3810 1079 3891 contemplari,
1103 3810 1134 3873 si
1151 3833 1219 3894 qua
1230 3823 1331 3894 parte
1335 3807 1474 3900 fulgur

154 3908 304 3971 resinat
325 3918 387 3968 aut
408 3906 549 3969 tonitru.
595 3905 676 3968 Cum
699 3905 810 3968 consul
835 3904 866 3965 in
894 3903 1033 3984 auspicio
1057 3915 1119 3979 est,
1150 3926 1182 3966 v.
1206 3927 1235 3967 c.
1259 3916 1370 3980 nocte,
1393 3922 1474 3986 quae

156 4012 298 4066 estante
320 3999 418 4071 diem,
443 4022 503 4083 qua
527 4000 690 4080 procedit,
716 4020 779 4062 non
802 3998 916 4060 dicitur
938 3998 979 4058 de
1001 3999 1094 4060 caelo
1110 4019 1264 4070 servare,
1287 3995 1474 4079 sedauspi·

155 4096 245 4169 rari,
282 4113 386 4175 neque
415 4095 453 4155 de
484 4094 549 4156 ullo
580 4092 709 4173 auspicii
738 4112 855 4173 genere
886 4084 1026 4153 inienies
1060 4090 1118 4152 nisi
1151 4094 1188 4153 de
1225 4094 1287 4152 hoc
1315 4110 1380 4153 ιιιιο
1412 4088 1476 4151 dici

157 4209 294 4250 servare
324 4187 368 4247 de
394 4189 501 4249 caelo.
547 4188 612 4248 lam
642 4186 733 4269 qnia,
769 4184 822 4266 qni
848 4187 995 4246 servabat
1024 4187 1063 4246 de
1093 4184 1198 4257 caelo,
1234 4184 1421 4246 ostendebat
1442 4203 1476 4244 se

159 4282 237 4345 selle
264 4280 420 4361 impedire
444 4280 585 4355 coinitia,
611 4291 641 4341 et
666 4279 757 4361 quia,
781 4278 806 4338 si
833 4279 946 4353 vellet,
968 4290 1113 4358 poterat,
1139 4275 1281 4338 ιιιιιιιίιιο
1305 4275 1372 4337 sire
1395 4294 1474 4336 vero

159 4375 223 4439 sire
250 4375 327 4437 ficto
351 4373 512 4455 auspicio:
549 4396 588 4438 co
613 4373 683 4454 ipso
707 4371 831 4434 coniitia
861 4372 1070 4444 tollebantur,
1106 4372 1192 4451 quod
1218 4370 1286 4452 quis
1317 4372 1355 4431 de
1386 4367 1476 4430 caelo

162 4490 190 4531 ιι
210 4488 344 4533 servare
367 4479 419 4529 aut
437 4480 634 4529 servaturum
656 4466 791 4527 dicebat.
836 4467 946 4545 ltaque
967 4485 1122 4547 nunquam
1139 4477 1297 4525 serratum
1314 4467 1352 4525 de
1371 4462 1473 4535 caelo,

164 4561 232 4642 quin
262 4559 392 4624 comitia
425 4560 625 4624 tollerentur.
672 4557 788 4622 Cicero
818 4556 847 4618 in
871 4557 982 4618 Vatia.
1012 4577 1043 4619 c.
1073 4561 1110 4618 7:
1156 4559 1252 4622 Num
1280 4578 1379 4642 quem
1396 4566 1477 4639 post

166 4657 276 4720 urlrem
305 4653 479 4717 conditam
506 4655 573 4717 scis
601 4654 775 4717 tribunum
795 4650 902 4732 plebis
924 4650 1035 4732 egisse
1056 4673 1133 4713 cum
1152 4653 1265 4732 plebe,
1300 4674 1376 4715 cum
1398 4670 1478 4712 con·

169 4761 268 4811 staret
295 4759 470 4810 serratum
492 4770 565 4812 esse
587 4748 628 4811 de
649 4746 767 4810 caelo?
796 4743 937 4826 Philipp.
960 4744 1005 4806 ll.
1030 4744 1088 4807 tt:
1134 4747 1365 4831 Quisquamne
1392 4741 1478 4806 dioi-

231 4846 357 4895 Onomast.
395 4849 447 4891 Cic.
470 4847 513 4894 ΙΙΙ,
1327 4844 1340 4889 9
