3202 5318
551 348 907 425 moaxtneou.
1330 357 1391 445 tu

59 490 300 571 mennatis,
335 494 416 557 unde
446 493 710 559 testamentoria
736 494 926 577 appellatur.
971 495 1024 563 Es
1057 495 1186 583 legibus
1217 496 1392 587 Dttodecinr

62 588 265 657 Tabularum
299 586 415 653 licebat
443 586 548 673 legata
580 585 687 673 lacere
720 589 758 659 de
789 610 825 652 re
855 610 930 667 sua,
962 600 1041 675 quot
1075 582 1145 672 quis
1176 592 1287 675 vellet:
1327 588 1393 671 Uti

57 681 236 770 quisque
257 680 433 768 legassit
455 701 550 745 suae
571 679 650 755 rei,
675 681 731 747 ita
752 682 812 748 ius
835 695 935 750 esto.
981 685 1045 747 Sed
1067 706 1137 751 com
1157 706 1252 766 saepe
1271 697 1395 767 tanturn

55 780 246 865 legaretur,
269 789 305 859 pt
327 787 381 842 aut
403 796 469 840 non
491 775 651 859 sufficeret
672 797 725 839 res
752 776 868 845 mortui
893 788 948 840 aut
970 777 1081 840 saltem
1107 779 1329 861 absumeretur
1350 778 1394 843 ita

55 871 191 959 legatis,
214 882 253 941 ιιι
276 872 389 939 heredi
411 870 488 935 nibil
514 870 767 954 relinqueretur;
790 871 962 937 noluerunt
993 870 1080 949 mitlti
1107 872 1301 945 hereditates
1323 893 1394 937 cer·

56 985 150 1030 aere.
197 966 308 1046 Quare
336 986 409 1033 cum
433 961 562 1033 intersit
586 961 806 1045 reipublicae
834 965 940 1031 valere
968 964 1151 1051 voluntqtes
1180 964 1394 1042 morientium,

54 1070 239 1142 coeperttnt
260 1057 389 1147 quidam
409 1060 448 1127 de
468 1059 565 1123 modo
590 1057 703 1141 legatis
727 1058 950 1125 constituendo
979 1060 1136 1145 cogitat-e.
1180 1050 1294 1146 ltaque
1324 1058 1397 1124 tulit

55 1155 96 1217 ad
122 1153 282 1237 populum
310 1152 430 1236 primus
462 1155 502 1218 G.
529 1151 669 1227 discitis,
703 1163 737 1215 ut
764 1174 827 1217 non
855 1153 964 1217 liceret
992 1155 1178 1239 plusquam
1203 1150 1286 1220 mille
1308 1176 1395 1220 asses

54 1247 158 1333 legati
191 1249 320 1313 nomine
355 1270 489 1331 capere,
527 1247 618 1330 isque
647 1247 858 1330 quadruplum
881 1250 1041 1320 solveret,
1076 1249 1130 1332 qui
1153 1248 1223 1330 plus
1245 1248 1393 1332 cepisset.

57 1342 242 1408 Messium
263 1345 303 1407 ad
327 1341 401 1408 Cic.
424 1344 447 1410 l.
472 1364 502 1406 c.
527 1341 727 1423 Theophilus
750 1344 790 1404 ad
812 1341 920 1408 lustit.
942 1342 987 1406 L.
1010 1342 1060 1407 11.
1083 1364 1114 1406 e.
1138 1342 1191 1406 99.
1226 1344 1311 1408 Erat.

564 1502 672 1566 Furta
695 1514 726 1565 et
749 1504 893 1567 Artota.
1010 1573 1022 1596 ο

149 1624 221 1703 ,0.
244 1624 437 1702 Mancinus,
461 1637 496 1692 ut
519 1624 739 1702 Numantinis,
764 1624 950 1709 quibuscum
970 1623 1038 1690 sine
1056 1635 1185 1691 senatus
1206 1624 1398 1693 auctoritate

58 1722 180 1801 foedos
202 1720 344 1798 lecerat,
379 1723 566 1798 dederetur,
600 1721 801 1806 rogationem
829 1720 927 1783 suasit
947 1740 1035 1799 eam,
1068 1741 1160 1805 quam
1185 1722 1224 1799 P.
1253 1722 1395 1795 Farina,

59 1819 149 1887 Sex.
171 1815 262 1891 Aut·
328 1814 461 1895 (tribuni
484 1815 587 1898 plebis
610 1837 639 1881 a.
662 1837 694 1878 u.
720 1815 810 1896 617.)
838 1837 879 1899 eat
904 1827 1032 1893 senatus
1057 1815 1206 1880 censuim
1229 1815 1396 1895 ferebant:

59 1933 123 1996 qna
147 1931 225 1976 acce
303 1922 352 1977 est
374 1909 522 1976 hostibus
545 1908 704 1977 deditus.''
748 1911 788 1973 de
812 1908 907 1974 offis.
932 1909 1000 1974 111.
1024 1909 1084 1987 30,
1110 1908 1183 1975 109.

665 2070 790 2134 Fossae

58 2192 110 2261 laic
140 2193 355 2261 nominandae
384 2214 447 2257 oon
478 2191 628 2271 luissent,
668 2192 727 2256 nisi
760 2190 929 2276 Zumptius
964 2189 1013 2254 vir
1049 2190 1249 2255 doctissimus
1286 2214 1394 2258 earum

58 2287 282 2355 nasciuimus
312 2299 408 2351 esset.
452 2286 515 2366 Qui
542 2309 611 2350 cutu
637 2286 667 2349 in
691 2289 793 2350 Verr.
817 2287 874 2349 lib.
900 2288 926 2351 1.
949 2288 1005 2357 19.
1033 2287 1107 2350 toa.
1132 2286 1212 2365 (vid.
1237 2286 1396 2368 Fossae.)

59 2383 154 2446 etiarn
179 2404 265 2447 nttno
288 2383 490 2446 scribendum
517 2381 691 2444 censuisset
720 2381 812 2446 Cedo
837 2381 921 2444 mihi
949 2383 1042 2465 leges
1069 2381 1227 2454 Atinias,
1258 2382 1393 2461 diarios,

59 2477 233 2553 Fusios,
257 2475 390 2561 ipsam,
416 2487 453 2538 ut
479 2476 572 2553 iliaci,
600 2475 791 2542 Voconiam
812 2488 895 2538 cet.:
926 2474 992 2538 eius
1016 2475 1113 2558 ipsius
1135 2477 1171 2534 ad
1194 2476 1272 2538 haec
1299 2479 1395 2541 verba

60 2570 273 2638 adnotatione
300 2573 451 2635 lectorem
475 2591 584 2634 carere
606 2570 712 2644 nolui,
745 2569 888 2654 quamvis
916 2566 991 2632 milti
1016 2567 1200 2631 sententiam
1223 2590 1310 2631 suam
1337 2572 1396 2634 mi·

59 2665 148 2731 atine
165 2666 383 2751 prauaserit:

149 2760 270 2844 „leges
293 2758 449 2834 Atinios,
473 2758 614 2833 Furias,
639 2755 789 2837 ataias]
834 2758 925 2820 Haec
951 2767 1052 2819 estet
1077 2754 1255 2839 principum
1282 2758 1397 2826 editio·

59 2874 137 2916 ιιιιιι
155 2854 194 2919 ἰι
214 2855 309 2916 codd.
336 2866 489 2915 matorum
513 2866 663 2937 quantum
687 2851 804 2915 scimus
825 2851 963 2916 omnium
986 2848 1080 2914 lectio
1100 2850 1172 2928 (nisi
1196 2856 1283 2937 quod
1308 2856 1392 2941 Lag,

60 2948 114 3012 99.
137 2944 291 3036 Affiniaa
313 2957 345 3010 et
361 2947 482 3025 Srsflns
505 2954 580 3030 (pro
604 2948 737 3027 Frisios)
760 2949 869 3018 habet,
895 2958 927 3008 et
950 2945 989 3007 19
1013 2945 1135 3010 Furias
1157 2947 1301 3028 omittit.)
1324 2951 1393 3015 Pro

59 3063 96 3105 ea
122 3043 308 3124 Naugerius
329 3044 423 3104 cdere
447 3041 553 3124 coepit
569 3041 721 3130 Fuffias,
747 3064 813 3105 eam
831 3040 948 3122 opinor
963 3041 1117 3104 rationein
1135 3055 1280 3118 secutus,
1305 3046 1393 3126 quod

57 3136 183 3201 amiso
207 3135 289 3198 idem
308 3157 421 3198 nomen
445 3148 528 3199 esset
550 3140 637 3220 quod
659 3136 801 3211 Furius,
826 3135 1086 3218 retinueruntque
1105 3133 1307 3220 insequentes
1327 3139 1394 3202 edi·

57 3242 149 3295 tores
172 3228 279 3307 (etiam
306 3232 518 3327 Stephanus),
556 3233 658 3294 donec
682 3233 886 3294 Hotomanus
916 3227 1050 3316 Fuffios
1080 3228 1167 3313 leges
1194 3232 1292 3294 nullas
1323 3255 1392 3299 esse

57 3323 201 3389 ostendit
227 3335 259 3386 et
287 3345 398 3389 vocem
426 3326 589 3387 delendam
616 3327 748 3391 censuit.
793 3326 829 3388 In
860 3327 919 3387 hac
945 3325 1099 3388 sententia
1129 3324 1228 3388 ceteri
1252 3327 1391 3391 editores

57 3418 305 3504 acquieverunt,
331 3419 372 3480 ita
397 3431 430 3480 ut
458 3421 617 3482 Gruterus
641 3432 672 3484 et
700 3421 877 3493 Graevius,
902 3422 988 3503 quod
1013 3440 1124 3482 roceto
1148 3418 1178 3480 in
1204 3431 1293 3482 textu
1318 3422 1392 3483 reli·

58 3523 219 3597 querunt,
242 3512 334 3575 inriti
359 3512 474 3576 fecisse
498 3515 678 3580 videantur.
722 3517 836 3596 Neque
859 3526 962 3577 taruco
986 3515 1064 3576 illud
1086 3515 1161 3576 satis
1190 3524 1289 3578 tutum
1316 3515 1391 3580 mihi

59 3609 200 3671 videtur.
247 3609 328 3670 Nam
352 3611 438 3690 quod
466 3608 570 3670 dicunt
595 3609 677 3672 idem
707 3630 822 3671 nomen
850 3630 919 3673 esse
941 3609 1065 3672 diarius
1087 3621 1116 3670 et
1140 3608 1283 3685 Fusius,
1315 3610 1391 3674 nihil

57 3700 212 3787 impedit,
251 3701 327 3786 quin
352 3701 425 3766 buic
451 3704 500 3766 rel
528 3702 575 3766 illi
601 3715 654 3767 aut
679 3703 797 3769 bomini
826 3716 878 3767 aut
909 3703 972 3789 legi
1003 3702 1168 3785 proprium
1193 3700 1309 3765 lactum
1340 3705 1390 3782 sit,

57 3808 94 3859 ιιι
117 3798 209 3881 leges
227 3795 410 3877 complures
433 3794 584 3861 Claudias
605 3808 634 3859 rt
652 3796 784 3863 Clodias
810 3798 948 3862 diversas
969 3797 1120 3883 legimus,
1146 3798 1292 3878 quantivis
1309 3799 1393 3862 baud

57 3894 157 3957 dabie
179 3888 334 3957 Claudius
356 3890 436 3955 idem
458 3892 499 3955 sit
522 3894 609 3975 quod
633 3889 779 3957 Clodius.
825 3894 949 3975 Legem
974 3892 1112 3956 Fusium
1137 3889 1226 3953 aliani
1252 3913 1314 3954 uon
1337 3893 1393 3955 lta·

57 3989 190 4059 unns,
218 3984 276 4049 nisi
300 4006 380 4070 quae
406 3986 522 4049 dicitur
543 3986 648 4052 Fusio
668 3986 815 4051 Caninio
838 3987 896 4069 [At
920 3988 998 4048 haec
1022 3985 1089 4066 ipsa
1115 3986 1266 4047 scribitur
1287 3984 1393 4049 diario

56 4079 209 4149 Caninio
236 4078 269 4141 in
299 4079 428 4161 optimis
457 4079 647 4145 editionibus
676 4081 831 4144 Institutt.
863 4081 892 4146 Ι.
919 4081 965 4163 7.]
995 4083 1034 4143 de
1062 4100 1195 4141 ntuuero
1223 4099 1392 4142 servorum

56 4184 252 4243 testamento
277 4176 614 4251 manumittendorum,
641 4177 821 4261 argumenti
845 4175 980 4238 maxime
1005 4177 1044 4236 ad
1069 4176 1151 4234 bunc
1174 4174 1277 4234 locum
1306 4173 1392 4253 apti;

55 4292 120 4337 san
148 4271 204 4335 hic
229 4291 270 4334 ex
297 4270 397 4333 altera
423 4282 514 4352 parte
539 4271 729 4357 significari,
765 4270 856 4333 facile
885 4291 1011 4351 possem
1041 4267 1249 4340 contendere,
1286 4288 1393 4329 verum

56 4388 118 4433 aon
142 4364 246 4450 liquet
272 4366 312 4428 de
338 4364 406 4428 eius
431 4377 553 4443 aetate,
591 4389 648 4430 nec
674 4387 808 4448 prorsus
830 4368 983 4429 absonum
1011 4362 1127 4428 luerit,
1162 4362 1187 4422 si
1218 4358 1394 4444 quisalius

55 4460 135 4547 legis
157 4459 286 4524 Fusias
310 4457 508 4524 intercidisse
537 4460 720 4526 memoriam
744 4459 921 4533 existimet,
959 4478 1028 4518 cuni
1051 4477 1090 4518 ne
1119 4453 1242 4517 Atiniae
1269 4453 1393 4536 quidem

57 4556 92 4621 de
116 4553 321 4621 testatuentis
344 4565 445 4618 estet.
495 4556 558 4618 Sed
581 4559 619 4620 de
643 4557 713 4636 lege
730 4555 825 4618 Fusia
850 4566 880 4618 et
903 4556 940 4615 de
957 4548 1126 4614 Voconiae
1143 4548 1222 4631 legis
1238 4570 1273 4611 ea
1290 4560 1395 4632 parte,

59 4670 138 4735 qnae
161 4652 200 4714 ad
218 4650 326 4737 legata
347 4649 501 4731 pertinet,
527 4652 628 4735 deque
644 4671 750 4715 earum
766 4650 1023 4730 reliquarumque
1039 4645 1142 4727 legum
1160 4643 1398 4709 continuatione

61 4746 150 4811 rtiant
180 4742 384 4831 antiquitatis
404 4744 565 4809 studiosus
586 4767 656 4807 cum
680 4744 787 4807 fructu
811 4742 874 4809 Ed.
895 4738 1024 4814 Gnosii,
1049 4737 1274 4804 Antecessoris
1296 4739 1400 4803 Bero-

65 4836 217 4921 lhrnsis,
242 4838 367 4907 libratu
393 4840 434 4904 de
453 4839 521 4905 iure
542 4838 737 4904 hereditario
764 4837 850 4925 leget
873 4838 971 4903 Tem.
994 4834 1044 4901 ΙΙ.
1068 4855 1103 4919 p.
1132 4832 1192 4897 189
1218 4853 1292 4918 sqq.
1335 4834 1400 4899 ssa
