3202 5318
619 335 768 400 mnex
789 334 972 401 Lucum.
1221 421 1238 434 η
1391 286 1465 407 m„

132 477 297 551 testibus,
320 474 538 540 condemnati
551 486 650 549 sunt,
674 497 887 560 nequaqnam
908 489 980 539 tom
1002 475 1199 568 manifestis
1221 501 1327 565 neque
1347 485 1454 546 tantis

131 570 353 645 criminibus,
388 569 527 652 qrroutis
559 580 599 631 trs
632 569 852 632 convinceris.
907 571 990 633 Puta
1019 582 1049 633 tc
1078 592 1141 633 non
1170 573 1231 634 hac
1257 586 1319 636 tam
1352 578 1454 639 atroci

133 661 305 744 (Cornelia
326 660 467 737 scilicet,
497 672 532 724 ut
556 672 645 724 recte
667 661 831 724 Manutius
858 662 1015 743 explicat,
1040 685 1101 746 qua
1125 686 1207 726 nnnc
1226 668 1371 748 utimur),
1394 671 1456 734 sed

133 757 195 820 itta
213 759 293 840 iege
314 755 499 818 mitissima
519 755 651 832 (Acilia)
673 776 812 817 cansam
837 755 962 817 dicere.
1006 759 1201 830 Accusam-
1222 763 1421 843 respoudebi
1443 785 1455 834 ‚·

132 851 281 914 testibus
311 848 414 912 editis
442 849 493 911 ito
513 848 649 912 mittam
670 849 803 928 (iudices
825 851 863 910 ad
886 849 1069 911 seutentiam
1091 851 1266 931 serendam)
1286 853 1322 914 in
1343 785 1453 917 conli-

133 946 237 1021 h'nm,
261 943 444 1018 uzetiam,
468 942 500 1005 si
520 943 579 1004 leae
600 942 733 1021 (Acilia)
755 941 943 1024 ampliandi
952 939 1079 1032 saciat
1097 955 1317 1025 potestatem,
1341 958 1454 1010 tomen

133 1037 195 1100 isti
222 1049 326 1118 nsrpe
355 1035 421 1098 sibi
441 1035 638 1103 existiment
659 1035 703 1113 (in
725 1056 761 1097 re
782 1047 845 1096 tam
869 1036 1043 1113 manifesta)
1065 1058 1132 1099 noa
1152 1039 1266 1119 primo
1287 1041 1453 1104 indicare.

135 1132 181 1194 Et
202 1131 263 1193 hac
285 1129 411 1214 quidem
433 1129 557 1191 ratione
578 1129 604 1192 si
626 1129 715 1192 locus
737 1129 930 1210 explicetur,
955 1128 1031 1191 nihil
1049 1144 1213 1212 superest,
1237 1135 1325 1216 quod
1346 1156 1454 1218 qnem-

135 1245 232 1307 qnam
254 1221 374 1285 morari
396 1222 509 1303 possit.
554 1222 700 1285 Sontlrz.

204 1315 347 1378 scherzii
369 1314 558 1378 artificiosae
580 1315 784 1397 explicationi
807 1315 903 1398 longe
924 1314 1131 1394 praeferenda
1154 1327 1202 1378 est
1222 1317 1360 1382 Ernestii
1383 1342 1455 1384 sen·

137 1409 255 1483 tentia,
287 1410 423 1490 probata
452 1409 505 1471 illa
528 1409 621 1472 etiam
652 1409 830 1473 Garatonio
860 1420 890 1471 et
919 1408 1088 1490 Zumptio,
1122 1431 1184 1493 qua
1210 1409 1345 1473 Aciliam
1376 1416 1455 1476 auti-

137 1505 305 1589 quiorem,
341 1502 507 1566 Serviliam
530 1502 755 1579 recentiorem,
792 1504 875 1569 illam
899 1506 950 1582 (de
973 1503 1138 1567 Ciceronis
1159 1504 1269 1565 saltem
1292 1506 1455 1587 opinione)

138 1597 315 1670 mitiorem,
349 1597 432 1659 hanc
453 1597 664 1672 severiorem,
700 1608 732 1660 et
756 1597 852 1659 flocci
878 1597 1053 1659 faciendam
1083 1618 1152 1658 esse
1174 1599 1454 1665 Pseudo-Asconii

137 1689 393 1762 adnotationem,
417 1711 497 1773 quae
519 1691 636 1760 tamdiu
658 1689 764 1752 lucum
779 1690 856 1752 lecit
872 1689 948 1752 viris
964 1689 1171 1764 doctissimis,
1194 1701 1281 1752 recte
1296 1695 1458 1758 statuitur.

137 1784 189 1848 De
210 1803 311 1859 anno,
333 1805 398 1866 qrro
416 1784 520 1844 Acilia
542 1784 604 1845 lata
626 1783 685 1858 sit,
710 1805 773 1845 nou
796 1794 932 1847 constat.
975 1784 1069 1862 Quod
1092 1783 1259 1846 Schittzius
1282 1804 1348 1846 eam
1372 1807 1400 1848 a.
1423 1810 1455 1848 u.

138 1878 212 1940 652.
236 1877 333 1938 latam
356 1874 449 1951 dicit,
472 1874 502 1937 iu
525 1897 565 1939 eo
587 1889 706 1938 temere
728 1888 854 1939 secutus
871 1889 916 1938 est
934 1876 1082 1959 Pighium
1097 1878 1195 1950 (Anu.
1212 1878 1310 1940 Rom.
1329 1881 1372 1940 Τ.
1389 1879 1454 1942 111.

138 1991 170 2051 p.
193 1969 294 2045 169.),
318 1969 373 2054 quii
396 1973 511 2032 desua
535 1969 717 2033 coniectura
740 1981 901 2031 auctorem
925 1970 1006 2053 legis
1022 1969 1066 2031 illi
1082 1990 1163 2031 auno
1181 1969 1338 2031 tribunum
1353 1972 1455 2052 plebis

139 2063 327 2144 adscripsit:
367 2084 437 2126 cum
468 2064 589 2146 aliquot
620 2062 728 2145 utique
750 2064 838 2124 aunis
860 2076 931 2125 aute
953 2064 1116 2143 ponendus
1139 2073 1235 2124 esset.
1279 2065 1393 2146 Neque
1415 2064 1455 2130 C.

141 2162 185 2220 A.
207 2155 253 2221 C.
276 2156 403 2218 Kleuze
432 2177 493 2220 nos
521 2157 719 2236 perturbabit
745 2156 774 2218 in
798 2156 932 2236 Proleg.
957 2158 1088 2239 Fragru.
1111 2155 1210 2239 Legis
1238 2156 1392 2221 Serviliae
1422 2181 1456 2240 p.

142 2250 185 2312 X.
207 2271 261 2333 aq.
284 2270 396 2311 eorum
419 2248 616 2329 opinionem,
650 2252 704 2332 qui
726 2248 860 2312 Aciliam
889 2262 960 2311 aute
990 2249 1154 2310 Serviliam
1183 2253 1359 2329 ponendam
1387 2272 1456 2313 esse

142 2342 331 2417 coniiciunt,
367 2343 471 2404 refelli
499 2355 586 2404 ratus
608 2365 665 2427 co,
701 2346 787 2426 qrtod
810 2343 891 2405 nulla
915 2344 1158 2424 repetundarum
1181 2341 1233 2403 lex
1254 2354 1382 2422 praeter
1405 2342 1458 2406 Iu-

142 2439 222 2498 niaru
255 2448 285 2497 et
317 2434 522 2517 Calpurniam
554 2437 585 2498 iu
613 2437 746 2498 Servilia
776 2448 1056 2523 commemoratur.
1101 2437 1190 2497 Haec
1221 2436 1301 2496 euim
1331 2457 1381 2498 res
1416 2437 1456 2497 ita

141 2520 259 2591 tantum
284 2529 417 2591 alicuius
438 2531 587 2593 momenti
608 2529 710 2606 loret,
741 2528 769 2591 si
792 2530 926 2592 Servilia
948 2529 1000 2592 lex
1022 2529 1144 2612 integra
1168 2540 1319 2591 exstaret.
1364 2529 1457 2591 Nunc

143 2642 220 2685 vero
243 2621 275 2684 id
298 2622 400 2705 ipsum
422 2636 534 2704 caput,
558 2621 591 2685 in
614 2644 678 2706 quo
700 2623 751 2685 vel
775 2623 906 2685 maxime
930 2622 1033 2685 Acilia
1055 2621 1297 2684 commemorari
1316 2631 1454 2703 poterat,

142 2716 182 2778 de
202 2716 539 2799 comperendinoudo
562 2726 639 2789 reo,
675 2717 767 2779 nobis
791 2718 890 2779 deest.
934 2718 1035 2797 Legis
1061 2716 1198 2778 fortasse
1220 2715 1341 2778 Aciliae
1370 2715 1458 2796 frag-

143 2820 245 2871 menta
274 2809 450 2872 novissime
480 2831 550 2871 curu
580 2809 806 2873 commentario
836 2808 931 2871 edidit
960 2811 1082 2873 Kleuze
1110 2808 1142 2870 in
1172 2805 1291 2891 Rhein.
1316 2809 1406 2871 Mus.
1429 2808 1456 2869 l.

144 2902 262 2964 Philol.
286 2905 409 2968 Gesch.
434 2925 464 2965 u.
488 2904 608 2985 griech.
631 2903 756 2966 Philon.
802 2903 948 2966 Zweitcu
971 2905 1086 2985 Jahrg.
1110 2903 1140 2965 I.
1156 2903 1249 2965 Heu.
1265 2924 1299 2984 p.
1318 2902 1454 2966 28-119.

145 2995 197 3059 Cl.
222 2997 387 3059 Hauboldi
410 2997 521 3079 Antiq.
546 2998 643 3059 Rom.
667 2998 816 3060 Monum.
841 2999 973 3080 Legalia
996 3018 1030 3078 p.
1054 2999 1105 3060 tt.

328 3156 457 3219 Anna
480 3153 687 3220 Cnnruusra.
732 3154 811 3218 Vid.
855 3153 1047 3219 Cunerum
1069 3155 1110 3217 de
1132 3155 1272 3218 ambitu.

667 3335 793 3396 Acrota
821 3333 937 3396 Dinis.

223 3474 408 3554 Numquam
428 3494 497 3533 cum
510 3471 606 3534 Didio
622 3471 744 3534 Acilius
765 3472 874 3534 consul
887 3471 965 3543 luit,
987 3474 1042 3532 scd
1055 3470 1224 3533 Caecilius.
1248 3471 1361 3553 Itaque
1373 3470 1458 3532 docti

148 3566 204 3628 riri
219 3588 281 3649 pro
298 3567 406 3628 Sestio
421 3588 450 3627 c.
462 3567 513 3628 (ri.
528 3567 691 3649 legendum
708 3577 794 3626 recte
808 3577 953 3627 censent:
972 3565 1118 3629 Caecilia
1127 3565 1242 3628 Didio.
1276 3567 1356 3626 Nam
1373 3564 1458 3646 leges

146 3662 261 3734 Aelio,
295 3661 400 3725 lunia
422 3660 574 3732 Licinia,
605 3659 753 3722 Caecilia
775 3660 899 3732 Didia,
930 3661 1019 3720 sucre
1042 3661 1080 3719 de
1103 3657 1235 3719 comitiis
1258 3657 1406 3719 habendis
1428 3668 1459 3717 et

147 3753 249 3836 legum
279 3753 479 3815 ferendarum
511 3755 620 3814 ruodo.
676 3753 788 3835 ltaque
818 3772 911 3832 saepe
941 3755 1023 3832 apud
1058 3751 1244 3815 Ciceronem
1274 3751 1458 3831 iunguntur.

144 3844 221 3909 Vid.
255 3869 288 3908 v.
319 3869 350 3907 c.
380 3849 417 3906 ad
447 3849 518 3908 Att.
543 3847 589 3908 ll.
613 3846 642 3910 9.
673 3849 769 3908 etsie
793 3846 854 3908 hoc
878 3847 952 3908 loco
975 3845 1147 3929 iunguntur
1170 3844 1316 3910 Caecilia
1338 3841 1457 3912 Didio,

146 3940 279 4003 licinia
302 3939 415 4004 Iunia.
460 3941 545 4002 Eua.

721 4100 889 4161 Arouaia.
1143 4090 1168 4190 ⁸·

224 4217 337 4296 „Cum
360 4220 541 4300 proletarii
571 4229 601 4282 et
629 4218 761 4281 assidui
789 4230 819 4280 ct
847 4231 984 4282 annates
1013 4229 1043 4280 et
1066 4217 1220 4280 vaderet
1242 4212 1406 4292 snbondes
1428 4223 1460 4275 et

91 4364 94 4397 Ι
147 4311 262 4395 viginti
282 4312 432 4396 quinque
453 4335 549 4375 asses
572 4325 602 4375 et
624 4314 768 4374 taliones
774 4311 1029 4401 furtorumque
1044 4310 1260 4395 prinestioues
1274 4329 1352 4369 cnm
1366 4309 1461 4368 lance

91 4422 93 4443 ⁵
147 4417 173 4464 st
191 4406 273 4468 licio
296 4407 502 4481 evanuerint,
528 4408 692 4489 omnisque
713 4405 765 4467 itta
790 4406 954 4468 duodecim
984 4408 1157 4467 talurlaruru
1185 4400 1369 4485 antiquitas,
1401 4399 1461 4462 uisi

152 4497 277 4585 inlegis
302 4499 479 4562 actionibus
504 4499 770 4561 centumviralium
794 4520 975 4574 causarum,
1001 4500 1070 4580 lege
1093 4496 1240 4561 Aebrstin
1262 4496 1322 4556 lata
1345 4512 1461 4557 conso-

150 4592 203 4669 pita
224 4592 286 4656 sit:
309 4592 446 4656 studium
467 4592 690 4676 scientiamque
712 4602 873 4673 praestare
896 4594 997 4655 debeo
1019 4589 1097 4653 iuris
1116 4599 1146 4651 et
1162 4590 1265 4671 legum
1283 4605 1459 4668 vocumque

152 4703 266 4761 tamor,
302 4686 419 4768 quibus
446 4686 597 4750 utimur.''
641 4689 685 4749 A.
716 4685 837 4748 Gellius
867 4685 966 4748 XVI.
998 4686 1055 4757 10,
1080 4685 1110 4748 8.
1145 4717 1185 4727 -
1217 4683 1328 4762 ,Istae
1351 4699 1458 4743 omues

154 4775 220 4862 legis
241 4780 383 4846 actiones
405 4780 556 4864 paulatim
582 4781 612 4843 in
633 4782 737 4845 odium
760 4791 930 4844 venerunt.
955 4800 1087 4863 namque
1110 4801 1149 4842 es
1173 4778 1265 4840 nimia
1288 4775 1458 4839 subtilitate
