3202 5318
554 320 705 397 INDEX
723 330 905 397 LEGUM.
1318 334 1389 401 ,266

66 470 142 539 Cir.
167 470 236 538 Cic.
258 492 320 555 pro
343 471 457 538 Plane.
481 473 533 536 66.
577 472 670 536 Α666
698 492 810 536 wenn
839 474 904 536 und
926 493 1002 539 vnn
1028 495 1124 538 wem
1146 474 1247 541 dieses
1270 476 1391 543 Genetz

63 568 212 653 gegeben
230 568 364 644 wurde,
387 565 446 643 ist,
470 563 535 629 wie
550 567 606 630 der
620 564 810 650 cigentliclie
832 566 970 631 lnbalt
990 568 1172 644 desselben,
1196 571 1391 636 unbekannt.

65 661 286 729 Gewdbnlicb
302 660 411 724 nimmt
425 681 495 723 man
511 680 570 734 an,
593 680 628 723 es
647 659 694 723 sei
714 660 755 722 im
774 660 875 725 Jahre
898 661 960 725 698
982 663 1071 742 (699)
1094 674 1187 727 linter
1208 667 1279 727 dem
1302 664 1392 731 Con·

58 757 143 820 66166
176 756 232 817 666
265 753 408 818 Licinius
437 751 576 818 Crassus
602 755 665 816 und
696 750 760 817 Cn.
791 754 966 836 Pompeius
992 758 1139 840 gegeben
1166 760 1304 821 worden
1332 758 1391 837 (ci.

58 848 190 914 Ernesti
211 850 312 913 Index
334 849 440 931 legum
462 847 493 911 in
517 846 614 912 Clas.
639 845 747 925 Cic.);
770 848 848 911 aber
869 848 920 912 iob
945 850 1027 913 habe
1044 849 1099 913 sur
1117 851 1203 916 disse
1227 851 1392 915 Annabne

58 942 109 1007 bis
131 941 214 1026 jetzt
234 943 347 1006 keincn
371 942 501 1006 Beweis
525 940 720 1026 66666666.η
764 944 879 1026 Neque
910 964 985 1011 6666
1016 943 1185 1009 Ernestius
1214 944 1310 1007 ullam
1339 946 1394 1007 ad·

56 1038 130 1102 tulit
151 1037 328 1112 rationem,
352 1057 414 1120 qua
436 1047 606 1100 conmotus
627 1034 733 1119 legem
756 1035 841 1099 illum
864 1058 881 1100 a
905 1037 958 1101 M.
979 1036 1108 1103 Licinio
1130 1038 1256 1105 Crasso
1277 1037 1391 1103 iterum

59 1131 192 1199 conside
216 1132 369 1214 perlatam
395 1131 529 1212 putarit.
574 1127 787 1194 Nihilominus
814 1151 891 1195 vera
917 1129 1035 1195 dixisse
1059 1132 1259 1207 Ernestium,
1281 1131 1417 1215 666666Ι

60 1225 172 1291 doceri
191 1236 314 1307 potest.
357 1224 478 1289 Scribit
501 1222 620 1289 Cicero
644 1221 686 1289 C.
709 1225 791 1288 XX.
814 1228 846 1298 §.
871 1225 947 1289 tlt:
972 1246 1060 1311 pune
1080 1226 1220 1291 comitia
1237 1226 1393 1309 primum

57 1321 183 1386 babere
204 1319 317 1403 eoepit
338 1321 459 1383 consul
479 1339 558 1381 eum
578 1318 736 1382 omnibus
758 1319 794 1381 in
817 1320 918 1383 rebus
939 1340 1076 1383 summo
1095 1321 1393 1386 auctorisaremus

60 1418 187 1481 aarum
217 1414 374 1497 ipsarum
400 1415 518 1497 legum
544 1411 695 1475 ambitus
715 1423 852 1477 erector.
896 1411 980 1478 Cum
1008 1412 1039 1475 in
1069 1414 1325 1480 antecedentibus
1353 1416 1393 1479 66

61 1509 147 1572 nuilla
169 1507 229 1571 nisi
253 1510 292 1571 de
314 1506 439 1571 Licinia
465 1507 537 1590 lege
557 1506 729 1590 loquatur,
752 1506 999 1582 manifestumst,
1024 1507 1130 1572 verbis
1152 1510 1278 1573 barum
1300 1506 1394 1593 ipen·

60 1624 141 1666 rum
167 1604 285 1685 legum
312 1600 411 1683 ipsam
444 1600 526 1663 illam
552 1600 656 1683 legem
683 1599 839 1663 Liciniam
861 1601 1069 1684 potissumum
1093 1600 1281 1687 significari.
1324 1600 1392 1665 lsrn

61 1718 134 1759 cum
157 1717 255 1777 supra
277 1694 355 1758 Lib.
379 1695 446 1759 ΙΙΙ.
472 1692 513 1760 C.
536 1693 567 1759 Ι.
590 1701 621 1771 §.
643 1694 675 1757 2.
700 1693 953 1759 evidentissimis
974 1696 1166 1782 argumentis
1182 1693 1396 1778 conprobati-

62 1813 150 1865 mus,
175 1791 315 1854 consulis
343 1788 485 1863 nomine,
510 1788 564 1871 qui
586 1787 712 1853 comitia
739 1787 792 1852 illa
816 1791 938 1853 habere
963 1789 1112 1872 coepisse
1133 1789 1274 1864 dicatur,
1298 1786 1393 1851 alimn

60 1981 166 2043 nullus
188 1977 382 2064 relinquitur
403 1975 565 2040 dubitandi
588 1977 699 2052 locus,
725 1976 800 2061 quin
821 1977 874 2041 lex
896 1977 1040 2052 Licinia,
1065 1998 1145 2062 quae
1162 1975 1224 2041 luit
1244 1977 1283 2038 de
1298 1976 1394 2041 soda-

60 2074 160 2151 liciis,
184 2095 202 2137 a
225 2074 277 2136 M.
301 2070 429 2135 Licinio
455 2072 501 2133 ll.
524 2070 658 2133 consule
680 2092 731 2135 au.
754 2070 830 2134 699.
854 2070 958 2154 [698]
982 2072 1043 2133 lats
1066 2069 1121 2134 sit.

148 2166 273 2251 [Adde,
298 2169 387 2250 quod
407 2185 504 2248 supra
527 2164 714 2243 adtulimus,
739 2165 938 2230 scholiastae
961 2164 1130 2229 Bobiensis
1152 2163 1393 2230 disertissimum

61 2261 292 2328 testimonium.
295 2262 309 2343 ]

147 2354 299 2421 Ceterum
330 2375 371 2417 ex
399 2352 563 2417 veteribus
593 2351 805 2434 scriptoribus
838 2353 927 2416 solus
955 2352 1082 2417 videtur
1107 2352 1172 2419 Dio
1199 2350 1332 2419 Cassius
1353 2353 1393 2416 66

63 2453 125 2516 lata
150 2450 204 2514 illa
235 2451 307 2532 lege
339 2448 514 2522 resonuisse,
547 2447 600 2531 qrsi
623 2448 699 2510 Lib.
723 2446 894 2511 XXXIX.
917 2467 949 2511 c.
973 2448 1027 2511 87.
1051 2469 1084 2530 p.
1105 2446 1180 2511 698.
1204 2448 1256 2537 66.
1280 2445 1392 2509 Stura.

64 2548 101 2610 de
124 2543 287 2657 Pompeio
309 2555 340 2607 et
364 2540 486 2607 Crasso
511 2541 625 2606 iterum
648 2541 831 2648 consulibus
854 2541 983 2604 scribit.
1020 2535 1126 2607 fraitoi
1147 2564 1181 2605 τε
1209 2528 1268 2605 666
1288 2564 1393 2626 xvpas-

65 2641 173 2720 θῆναι
201 2639 373 2717 ἐποίησαν,
406 2642 461 2701 καὶ
490 2634 573 2721 μετὰ
602 2636 700 2746 aprico
729 2631 908 2743 neapotepa
938 2636 1084 2721 initium
1117 2642 1187 2712 τοῖς
1220 2628 1393 2714 δεκάζουσι

65 2729 155 2810 τινὰς
175 2732 351 2811 επέταξαν,
381 2722 502 2836 sionsp
511 2753 562 2795 τοι
584 2725 680 2796 66666
701 2730 853 2807 ibertus,
880 2720 933 2795 ‘o'ts
955 2725 994 2794 οὐ
1014 2723 1196 2814 χρήμασιν,
1226 2724 1314 2795 dttd
1332 2730 1394 2819 βίᾳ

65 2823 122 2907 τὴν
141 2822 247 2914 ἀρχὴν
268 2819 461 2915 ratumenna,
484 2818 700 2911 ἁμαρτόντες.
746 2825 860 2906 Neque
882 2825 968 2907 qrsod
996 2827 1107 2886 ambos
1134 2824 1393 2891 666661666666·

65 2921 171 2985 biores
190 2922 230 2982 66
254 2918 372 2982 ambitu
397 2918 483 3003 leges
503 2917 612 2981 tulisse
634 2917 763 2992 scribit,
787 2918 905 3001 aliquid
932 2916 1119 2981 offensionis
1147 2920 1255 2982 lrabet.
1300 2917 1393 2983 Solet

65 3014 143 3079 enim
178 3014 245 3078 Dio
277 3014 346 3076 lere
377 3013 493 3096 ubique
525 3014 565 3073 ab
595 3015 750 3076 ambobus
778 3012 897 3075 facturn
929 3011 1113 3075 consulibus
1147 3011 1271 3086 dicere,
1305 3013 1393 3096 quod

65 3107 209 3172 alterutri
242 3119 360 3169 tantum
395 3106 620 3190 adsignandum
655 3118 737 3170 erat.
796 3107 874 3170 lllut
907 3109 1143 3191 quodammodo
1181 3118 1295 3171 contra
1333 3128 1393 3171 nos

64 3206 169 3268 666666
194 3201 296 3265 videri
320 3213 444 3284 potest,
476 3204 562 3286 quod
590 3200 655 3266 Dio
681 3202 768 3285 leges
791 3201 860 3264 illas
883 3223 947 3265 non
970 3213 1032 3264 tam
1056 3204 1094 3265 de
1116 3200 1275 3266 sodaliciis
1298 3222 1392 3282 quiam

64 3300 99 3360 de
127 3297 246 3359 ambitu
276 3296 353 3358 latas
376 3294 498 3359 scribit.
542 3297 664 3359 Verum
695 3296 725 3358 in
755 3317 792 3359 ca
821 3317 857 3359 66
885 3317 948 3358 666
978 3307 1056 3377 puto
1087 3297 1279 3359 haerendum
1309 3317 1391 3371 6666,

64 3390 251 3474 praesertim
281 3412 351 3451 curu
380 3412 419 3452 cx
449 3388 617 3453 Ciceronis
644 3389 753 3453 verbis
782 3393 908 3453 luorum
929 3390 1086 3472 ipsas-nm
1107 3394 1223 3474 legum
1243 3391 1393 3455 ambitus

65 3497 186 3549 auctor
210 3485 262 3548 M.
287 3483 448 3546 Licinium
471 3504 533 3548 non
561 3505 653 3546 sinaut
678 3487 716 3548 de
742 3483 902 3549 sodaliciis
927 3485 1047 3567 legem,
1076 3506 1186 3549 verum
1217 3486 1325 3567 plures
1354 3485 1395 3547 ad

66 3581 277 3644 coercendum
312 3577 479 3652 ambitum,
523 3598 601 3661 quas
643 3577 783 3643 Dionem
823 3578 1023 3660 probabilest
1064 3590 1241 3660 spectasse,
1284 3578 1393 3643 tulisse

66 3686 231 3759 appareat.

684 3848 714 3920 §.
739 3842 771 3906 2.

530 3955 577 4008 De
596 3960 711 4008 erimine
731 3955 940 4011 sodaliciorum.

150 4058 348 4142 Quamquam
370 4071 459 4122 recte
480 4059 647 4122 Manutius
666 4058 698 4122 in
721 4071 910 4144 argumento
932 4059 1023 4123 huius
1047 4056 1221 4131 orationis,
1247 4058 1395 4140 quemad·

64 4156 190 4218 modum
213 4152 392 4234 perduellio
416 4175 593 4215 maxuuium
610 4152 693 4216 inter
712 4153 882 4217 maiestatis
901 4155 1031 4217 crimina
1045 4152 1162 4227 fucrit,
1186 4150 1227 4213 ita
1243 4149 1395 4214 sodalicia

63 4248 297 4331 gravissumum
319 4247 453 4309 ambitus
479 4247 597 4313 crimen
623 4247 722 4311 luisse
748 4251 885 4324 monuit,
911 4259 1013 4310 tamen
1039 4269 1079 4310 ex
1108 4268 1149 4309 eo
1173 4248 1312 4310 nonduin
1336 4267 1393 4328 ap·
1438 4324 1445 4337 .

62 4355 172 4425 paret,
210 4344 374 4423 qriomodo
401 4340 553 4404 sodalitia
583 4343 622 4403 ab
649 4340 769 4404 ambitu
796 4343 1017 4424 discrcparint.
1070 4341 1231 4418 Quaedam
1262 4340 1301 4402 de
1331 4338 1393 4404 isto

62 4435 245 4501 discrimine
265 4434 307 4500 C.
330 4433 485 4515 Sigonius
502 4436 540 4497 66
556 4434 685 4498 Iudiciis
709 4437 749 4500 L.
772 4436 820 4500 11.
842 4457 873 4498 c.
898 4437 951 4498 30.
975 4456 1007 4515 p.
1032 4435 1126 4496 taut.
1151 4435 1251 4496 Thea.
1269 4434 1392 4498 Graes.

62 4544 149 4594 recte
179 4528 320 4602 monuit3
351 4549 432 4611 quiae
463 4549 529 4610 quo
561 4527 660 4609 magis
691 4530 854 4614 plerisque
881 4529 957 4592 viris
986 4526 1093 4592 doctis
1120 4525 1282 4612 incognita
1307 4541 1392 4607 saint,

64 4647 104 4690 eo
127 4624 229 4688 minus
252 4623 387 4688 alienum
411 4622 521 4703 putavi
543 4621 597 4685 liic
617 4635 776 4704 repetere.

144 4720 304 4791 „Praeter
339 4717 502 4799 profusam
543 4714 774 4800 benignitatem
808 4715 976 4780 adbibitast
1009 4717 1040 4779 in
1075 4714 1232 4794 comitiis,
1266 4717 1393 4781 ultumis

65 4833 211 4877 66666666
237 4810 286 4877 666
311 4832 346 4896 p.
374 4810 590 4894 temporibus,
625 4813 715 4894 quassi
742 4811 789 4878 sis
816 4811 987 4898 quaedam,
1023 4831 1104 4896 quae
1132 4813 1206 4897 qnia
1232 4809 1395 4878 sodalibus
