3202 5318
519 1011 1070 1095 ANALEC'M·

142 1286 153 1331 ·l

221 1458 310 1544 Cum
339 1473 394 1557 qui
423 1473 569 1537 lunanum
592 1473 719 1541 Leon
744 1473 892 1555 proxime
915 1471 1004 1554 sequi
1030 1469 1166 1532 debehat
1191 1466 1300 1531 Iunex
1322 1468 1458 1534 Ponun-

138 1587 253 1631 nautuu
283 1570 322 1654 ab
351 1562 495 1642 Orellin,
531 1566 636 1631 multis
662 1544 732 1633 m
762 1567 898 1650 negotiis
928 1565 1090 1636 districto,
1123 1564 1264 1625 nondruu
1291 1563 1457 1660 conlemns

135 1673 236 1738 essct,
260 1660 404 1736 hiciam,
422 1680 461 1723 ne
483 1661 669 1744 typothetae
686 1660 880 1734 otiareutur,
904 1657 1092 1722 inseruimus
1114 1676 1167 1728 ea,
1190 1676 1272 1740 quae
1291 1659 1332 1719 ad
1347 1656 1457 1740 priora

137 1754 297 1820 v'nlranrioa
327 1758 469 1818 addenda
499 1756 550 1818 vel
581 1755 769 1840 corrigenda
795 1752 942 1817 vidimus.
987 1752 1133 1833 erorum
1162 1751 1458 1833 supplementorum

136 1849 313 1933 principem
330 1850 434 1914 locum
459 1862 616 1928 occrrpant
632 1869 687 1923 ea,
712 1870 793 1932 quae
813 1851 851 1910 ad
868 1847 1000 1912 Asconii
1016 1845 1265 1910 emendationem
1285 1845 1458 1928 pertinent.

137 1942 243 2009 Nobis
257 1943 338 2006 enim
355 1954 430 2026 post
447 1944 640 2008 Scholiastas
655 1941 824 2008 Ciceronis
841 1943 942 2006 editos
957 1942 1162 2004 innotuerunt
1182 1939 1289 2003 variae
1303 1938 1460 2005 lectiones

111 2081 113 2086 ·
135 2040 179 2102 et
197 2039 380 2124 quinque
402 2038 565 2101 codicibus
587 2059 679 2101 rnanu
695 2037 841 2119 scriptis:
866 2057 926 2121 qua
945 2036 1098 2099 varietate
1114 2033 1259 2098 lectionis
1273 2052 1331 2098 ens
1348 2052 1458 2098 carere

138 2132 316 2208 noluimus,
341 2131 395 2215 qui
418 2143 527 2196 nostra
551 2132 799 2196 Scholiastarum
819 2131 957 2194 editione
980 2141 1121 2192 utuntur.

224 2227 365 2291 Primum
396 2225 472 2309 ipsi.
488 2249 558 2289 curu
586 2238 659 2290 ante
686 2228 747 2290 hos
773 2238 925 2311 quattuor
952 2245 1052 2288 annos
1083 2223 1237 2287 Isocratis
1260 2221 1459 2306 potissimrma

137 2342 232 2386 carisa
257 2319 435 2384 Mediolani
461 2342 677 2396 versaremur,
702 2321 837 2384 Asconii
860 2323 940 2384 duos
968 2320 1094 2382 codices
1118 2319 1325 2393 chartaceos,
1350 2316 1408 2402 qui
1429 2315 1460 2379 tn

136 2416 329 2479 bibliotheca
355 2414 569 2480 Ambrosiana
596 2426 817 2487 asservantur,
851 2434 914 2477 non
937 2412 1097 2494 inspicere
1121 2413 1211 2475 nelas
1233 2413 1399 2488 duximus,
1430 2422 1461 2474 et

136 2530 208 2572 cum
227 2515 353 2592 ternpus
374 2530 439 2570 non
460 2508 679 2591 suppeditaret
698 2510 737 2571 ad
758 2517 929 2591 utrumqne
954 2498 1094 2570 codicem
1119 2507 1359 2582 excutiendum,
1385 2507 1461 2570 alte·

133 2602 204 2667 rius
233 2605 342 2667 saltem
374 2602 508 2686 aliquam
540 2612 664 2684 partem
692 2624 763 2665 cum
793 2615 902 2666 nostra
928 2603 1066 2667 editione
1091 2600 1280 2664 contulimus
1302 2612 1336 2665 et
1358 2620 1458 2685 usque

139 2699 177 2760 ad
199 2697 291 2760 lurius
313 2698 461 2781 paginam
485 2696 776 2781 quinquagesimam
797 2717 910 2760 nonam
930 2694 1159 2780 processimus.
1203 2695 1319 2761 Codex
1342 2708 1456 2767 amem,

137 2810 231 2874 quaem
259 2790 412 2866 diximus,
448 2803 576 2857 notatus
603 2804 650 2855 est
678 2794 722 2855 H.
747 2793 820 2854 1⁰0.
841 2801 935 2872 part.
959 2789 1031 2879 inf.
1060 2802 1090 2853 et
1119 2791 1202 2852 huuc
1230 2811 1307 2873 prae
1335 2810 1370 2853 se
1397 2791 1459 2854 lert

134 2885 286 2946 titolum:
308 2887 383 2948 Hae
403 2897 482 2947 erent
504 2887 662 2968 glosulae
680 2907 785 2967 cuper
804 2886 989 2948 orationib.
1008 2885 1115 2949 Tullii
1133 2881 1461 2974 antiqreitusfoctoe

137 2988 171 3039 et
194 2999 303 3059 nuper
325 2978 360 3039 in
383 2978 528 3041 concilio
547 2979 807 3043 constantiensi
828 2992 996 3061 repertae.
1043 2980 1132 3063 Aug.
1158 2979 1268 3042 Maius
1295 3000 1365 3041 eum
1393 2978 1460 3043 siue

138 3071 236 3133 dubio
260 3083 331 3133 ante
350 3071 483 3133 medium
504 3070 663 3135 saeculum
685 3073 769 3134 XV.
791 3073 1008 3154 conscriptum
1029 3093 1098 3136 esse
1120 3072 1198 3135 dixit
1214 3073 1246 3135 in
1264 3074 1462 3155 praefatione

140 3165 238 3227 altera
268 3167 306 3227 ad
336 3167 468 3247 Fragru.
502 3165 607 3231 Oratt.
639 3189 672 3248 p.
704 3165 758 3229 25.
789 3170 835 3247 (p.
864 3167 1039 3231 XXXIII.
1070 3168 1190 3245 Beler.)
1246 3166 1347 3232 Conl.
1370 3168 1461 3232 etiam

143 3270 283 3322 nostram
307 3261 345 3320 ad
361 3258 537 3322 Ascouirun
560 3259 788 3340 praefationem
811 3282 844 3341 p.
868 3261 934 3332 III.

224 3351 348 3415 Deinde
390 3352 621 3415 accuratiorem
659 3351 801 3415 notitiam
848 3356 982 3417 duorum
1019 3357 1163 3419 codicum
1200 3356 1459 3421 Florentinnrum

142 3444 276 3511 Asconii
298 3445 412 3508 litteris
428 3449 468 3507 ad
487 3446 642 3509 Orellium
660 3468 768 3510 mense
789 3447 927 3511 Octobri
947 3449 1019 3513 anui
1034 3472 1067 3532 p.
1086 3447 1167 3513 Chr.
1184 3472 1217 3511 n.
1237 3450 1319 3513 1832
1338 3448 1461 3533 scriptis

140 3541 224 3602 dedit
248 3539 274 3602 F
284 3538 420 3602 erdina
433 3541 526 3601 ndns
550 3540 745 3614 Hauthal,
771 3540 820 3602 vir
835 3541 1055 3619 doctissimus,
1074 3544 1161 3607 cuius
1179 3543 1276 3625 ipsius
1299 3548 1397 3609 verba
1415 3541 1460 3608 iu·

142 3646 232 3719 tegra
256 3631 307 3694 hie
328 3645 516 3717 sequuntur.
674 3639 677 3649 ‘

226 3728 278 3809 ,‚I.
300 3726 385 3792 Cod.
411 3726 710 3792 Riccardianus.
755 3730 802 3791 Er
820 3730 945 3792 besteht
961 3751 1014 3794 aris
1034 3734 1094 3795 lid
1110 3731 1303 3816 papicreoen
1318 3728 1459 3796 tetinero

139 3822 173 3885 iu
202 3821 407 3895 Grosslolio,
439 3822 565 3884 welche
588 3844 651 3886 von
684 3820 736 3885 Bl.
762 3823 888 3885 1-80.
920 3846 984 3888 ron
1011 3826 1099 3889 einer
1121 3829 1196 3890 sehr
1219 3827 1341 3901 leston,
1371 3824 1460 3889 tur-

140 3915 260 3990 liclrcn‚
287 3917 424 3999 gei'rbtcn
443 3915 538 3976 Haud
555 3916 609 3980 mit
629 3937 761 3999 grosser
777 3917 922 3999 Sorglalt
937 3920 1147 3983 beschrieben
1163 3919 1244 3983 sind.
1290 3917 1463 3982 Zwischen

137 4009 192 4075 Bl.
217 4010 258 4071 lt)
280 4030 313 4072 u.
338 4012 390 4070 ll.
415 4007 473 4081 (sie
495 4009 565 4071 sind
589 4031 653 4072 ron
673 4013 730 4073 der
751 4024 858 4073 ersten
880 4013 977 4077 Hand
998 4013 1173 4093 numerirt.)
1195 4014 1266 4076 sind
1285 4017 1325 4076 10
1342 4013 1463 4077 Blitter

139 4101 228 4166 einer
258 4100 502 4187 gleichzeitigen
528 4104 624 4166 Hand
646 4103 833 4189 eingeliigt‚
865 4106 945 4168 iiber
969 4110 1064 4171 deren
1090 4108 1195 4171 Inhalt
1219 4105 1337 4171 weiter
1362 4119 1466 4171 senten.

140 4196 212 4258 Aul
242 4198 343 4260 einero
374 4197 432 4260 det·
462 4200 772 4281 voraugebundenen
799 4197 939 4262 weissen
967 4201 1091 4264 Bla'tter
1116 4203 1217 4265 steht:
1265 4198 1464 4266 Bernardi

141 4289 389 4353 Oricollarii
420 4290 646 4374 gesclarieben,
682 4292 746 4355 wie
778 4313 812 4354 es
843 4292 903 4355 mir
926 4293 1049 4358 acheiut
1078 4317 1142 4358 von
1172 4295 1258 4360 einer
1289 4296 1387 4359 Hand
1412 4297 1465 4357 des

54 4450 60 4463 ,
139 4382 242 4445 XVI.
265 4384 514 4447 Jahrhuoderts.
559 4386 667 4450 Rothe
691 4386 973 4463 Ueberschrilten,
1006 4389 1132 4455 welche
1159 4390 1386 4453 mehrentheils
1414 4386 1465 4450 nit

141 4475 199 4536 der
223 4478 418 4559 gedruckten
443 4477 739 4554 iibereinstimmen‚
766 4481 868 4564 gehen
891 4483 992 4545 durch
1011 4485 1073 4546 den
1097 4504 1220 4564 genneo
1245 4470 1381 4558 Codex,
1405 4481 1466 4544 und

139 4569 260 4631 r'r'rhren
285 4591 352 4635 von
372 4574 429 4633 der
447 4583 552 4635 ersten
573 4573 668 4635 Hand
685 4574 763 4648 her,
787 4576 906 4637 ebenso
921 4574 987 4638 wie
1002 4575 1054 4640 dle
1067 4578 1186 4643 rothen
1208 4563 1464 4664 Registerworte

140 4681 179 4722 an
203 4662 263 4723 den
286 4664 361 4725 sehr
383 4685 517 4746 grosaen
542 4667 712 4741 Reddere,
737 4669 863 4729 welche
886 4667 953 4731 sich
976 4671 1033 4733 arri
1051 4671 1102 4734 die
1119 4669 1329 4759 wichtigsteta
1344 4672 1463 4738 &cher

139 4756 205 4817 und
226 4750 444 4841 Iligennameu
465 4757 634 4824 hezieheu.
678 4758 740 4825 Die
760 4772 846 4825 erate
868 4761 1057 4849 Epigraphe
1078 4767 1198 4833 lautet:
