3202 5318
574 322 726 390 tubex
746 322 926 391 LEGUM·
1344 324 1407 393 215

257 514 361 576 Laeta
383 511 581 576 iradieiaria.

173 656 252 737 „M.
275 653 394 719 Livius
416 656 575 727 Drusus,
606 651 655 715 vir
682 651 909 729 nobilissimus,
935 651 1227 737 eloquentissimus,
1250 654 1407 719 sanctissi-

88 771 175 824 nnus,
194 785 208 800 ·
223 789 240 802 -
254 784 268 798 -
297 768 367 811 eum
394 745 517 810 senatui
542 746 679 828 priscum
704 746 871 809 restituere
898 758 1030 829 cuperet
1059 749 1154 810 decus
1176 759 1207 810 et
1230 746 1342 811 iudicia
1366 751 1406 813 ab

89 842 252 928 equitibus
286 843 326 903 ad
355 862 426 903 eum
460 840 632 903 transferre
665 840 808 903 ordinem
838 841 969 923 (qrrippe
1002 862 1069 903 eam
1102 852 1290 923 potestatem
1324 843 1410 906 nacti

88 937 213 1023 eqtiitcs
238 934 433 1000 Gracchanis
454 934 596 1018 legibus,
631 956 700 997 eum
722 934 753 996 in
779 935 895 998 mttltos
920 934 1112 1000 clarissimos
1141 947 1235 1018 atque
1261 934 1409 999 innocen·

88 1033 229 1096 tissimos
253 1029 341 1093 viros
366 1028 556 1103 saevissent,
592 1040 656 1091 tum
684 1030 725 1092 P.
750 1027 903 1093 Rutilium
927 1028 1029 1091 virum
1055 1050 1120 1093 non
1140 1027 1258 1092 saeculi
1279 1028 1327 1091 sui
1352 1031 1410 1093 sed

89 1125 193 1195 ontuis
220 1124 292 1193 aevi
321 1125 494 1205 optimum,
527 1121 760 1207 interrogatum
784 1124 855 1207 lege
877 1125 1142 1203 repetundarum,
1176 1124 1313 1187 maximo
1338 1146 1408 1186 enm

90 1220 210 1308 gemitu
230 1217 368 1282 civitatis
387 1219 641 1295 damnaverant),
665 1215 748 1279 iniis
769 1214 864 1298 ipsis,
888 1238 970 1300 qtrae
992 1238 1053 1297 pro
1074 1229 1184 1280 senatu
1206 1218 1407 1294 moliebatur,

88 1326 233 1379 senatum
253 1310 363 1375 babuit
386 1309 639 1375 adversarium.”
669 1310 788 1374 Vellei.
813 1312 940 1375 Patere.
964 1311 1013 1375 ll.
1038 1311 1096 1384 13,
1122 1312 1153 1374 2.
1183 1343 1224 1355 -
1253 1313 1408 1391 ,Senatus

89 1431 162 1472 eum
187 1406 405 1490 impotentiam
434 1405 589 1488 equestris
617 1403 737 1467 ordinis
766 1404 796 1466 in
822 1403 941 1466 iudiciis
967 1403 1154 1468 exercendis
1181 1405 1268 1468 lerre
1296 1407 1407 1484 nollet,

89 1502 175 1568 omni
197 1503 229 1564 vi
247 1501 307 1564 niti
328 1498 454 1581 eoepit,
488 1510 521 1561 ut
543 1501 582 1561 ad
608 1519 642 1560 se
662 1497 773 1560 iudicia
800 1497 1066 1573 transferrentur,
1089 1499 1260 1562 sustinente
1282 1521 1407 1563 eausam

90 1598 157 1661 eius
185 1599 241 1661 Μ.
269 1593 370 1661 Livio
397 1596 518 1658 Druso
539 1591 674 1677 ‘tribuno
704 1591 825 1673 plebis,
860 1591 915 1674 qui
948 1602 982 1654 ut
1007 1594 1091 1657 vires
1119 1592 1178 1656 sibi
1209 1594 1407 1678 acquireret,

88 1688 269 1774 perniciosa
299 1709 356 1769 spe
381 1686 584 1770 largitionum
613 1685 736 1767 plebem
763 1684 970 1748 concitavit.'’
1015 1684 1089 1751 Liv.
1119 1687 1208 1768 Epit.
1237 1690 1347 1756 LXX.
1370 1720 1411 1736 -·

89 1837 106 1866 „
117 1789 174 1851 M.
198 1786 318 1848 Druso
341 1801 432 1842 uuam
455 1780 485 1842 in
509 1792 686 1863 equestrem
709 1781 852 1842 ordinem
875 1777 1093 1862 qiiaestionem
1116 1780 1229 1845 lerenti
1258 1784 1296 1847 si
1317 1786 1411 1870 quia

87 1878 138 1943 ob
160 1899 248 1941 rem
269 1876 510 1939 iudicatam
525 1874 755 1957 'pecuniam
778 1874 978 1957 cepisset,
1004 1888 1112 1956 aperte
1133 1876 1254 1959 equites
1274 1880 1411 1944 Romani
1447 1890 1469 1915 ·‘

86 1970 308 2035 restiterunt.”
343 1990 404 2051 pro
420 1967 540 2032 »uanae
565 1968 723 2031 Postumo
747 1971 784 2041 7,
811 1969 862 2030 to.
886 2000 927 2011 -
952 1967 1006 2041 ,0
1034 1967 1122 2032 viros
1144 1969 1265 2044 lortes,
1289 1973 1411 2078 equites

89 2067 275 2133 Romanos!
319 2062 373 2145 qui
399 2061 518 2126 homini
548 2060 723 2124 clarissimo
754 2072 784 2123 et
812 2060 1033 2142 potentissimo
1059 2067 1114 2127 M.
1139 2067 1259 2129 Druso
1284 2069 1413 2133 tribuno

87 2158 190 2243 plebis
223 2151 425 2231 restiterunt,
453 2178 523 2218 eum
552 2154 605 2218 ille
631 2153 707 2216 nihil
741 2154 826 2219 aliud
851 2147 960 2239 ageret
985 2177 1055 2220 eum
1084 2156 1136 2219 illa
1166 2168 1296 2232 cuncta,
1330 2182 1411 2245 qttae

89 2267 155 2316 tum
190 2263 259 2316 erat
288 2250 455 2323 nobilitas,
487 2247 546 2311 nisi
576 2247 636 2321 uti,
668 2247 723 2330 qui
745 2271 811 2311 rem
833 2248 1040 2323 iudicassent,
1070 2249 1288 2315 huiuscemodi
1315 2275 1413 2337 qliae·

90 2345 248 2411 stionibus
269 2347 321 2426 (de
344 2344 507 2423 corruptis
529 2340 664 2419 iudiciis)
687 2340 717 2403 in
740 2341 888 2405 iudiciuin
912 2355 1116 2407 vocarentur.
1162 2346 1254 2406 'strue
1279 2343 1321 2411 C·
1339 2347 1412 2410 Fla·

91 2439 163 2503 rius
185 2439 306 2513 Pusio,
332 2435 395 2504 Cn.
423 2435 599 2509 Titinnius,
626 2431 667 2499 C.
691 2435 878 2512 Maecenas,
910 2437 961 2499 illa
982 2440 1102 2501 robora
1128 2439 1238 2519 populi
1263 2440 1410 2516 Romani,

89 2533 253 2617 ceterique
281 2530 417 2595 eiusdem
449 2529 631 2594 ordinis-
660 2530 857 2612 apertissime
886 2531 1139 2615 repugnarunt.''
1176 2553 1238 2614 pro
1264 2531 1414 2600 Cluentio

89 2628 153 2703 56,
178 2627 251 2692 153.

172 2723 321 2804 Apparet
343 2743 383 2786 ex
406 2718 486 2785 loeis
502 2717 603 2781 allatis
619 2719 683 2781 duo
699 2715 798 2798 capita
818 2718 1020 2782 iudiciariae
1036 2718 1115 2804 legis
1130 2719 1227 2784 luisse
1241 2741 1249 2782 a
1265 2719 1411 2798 alterum,

89 2829 123 2880 ut
143 2837 242 2900 aequa
261 2827 354 2898 parte
370 2813 483 2878 iudicia
504 2833 601 2894 penes
619 2824 760 2873 senatum
777 2823 807 2874 et
823 2826 1008 2907 equestrem
1021 2815 1162 2879 ordinem
1179 2828 1300 2889 essent,
1326 2817 1415 2901 qttod

90 2911 215 2974 efficere
238 2911 340 2974 voluit
363 2920 475 2971 auctor
497 2905 647 2971 trecentis
670 2905 828 2990 equitibus
854 2904 1041 2992 &protendor
1069 2906 1104 2986 (i.
1127 2930 1156 2971 e.
1179 2911 1415 2994 optimoque·

91 3028 174 3088 que,
201 3025 282 3079 uon,
308 3016 340 3067 ut
362 3023 527 3085 perperam
548 3003 627 3062 banc
653 3022 762 3063 vocem
786 3001 1011 3080 interpretatur
1028 3002 1160 3087 Pighius
1182 3003 1297 3066 Annal.
1315 3005 1413 3068 Rom.

96 3102 139 3162 T.
165 3099 232 3163 Ill.
258 3120 291 3179 p.
316 3099 411 3171 218„
442 3097 586 3174 viritim)
616 3095 647 3156 in
672 3107 811 3157 senatum
836 3096 1056 3178 sublegendis3
1087 3097 1237 3171 alterum,
1262 3109 1295 3160 ut
1318 3099 1347 3160 in
1369 3097 1416 3161 iu·

93 3194 179 3256 dices
203 3191 348 3276 qrraestio
369 3192 406 3253 de
426 3189 558 3269 pecunia
581 3191 623 3252 ob
646 3210 712 3250 rem
733 3188 900 3251 iudicatam
920 3201 1011 3269 capta
1033 3189 1265 3255 institueretur.
1308 3191 1412 3256 Huius

93 3286 226 3349 alterius
245 3285 354 3368 capitis
369 3294 499 3368 praeter
516 3281 704 3347 Ciceronem
722 3283 859 3346 meminit
877 3284 1042 3366 Appiauus
1059 3285 1132 3348 loco
1148 3308 1244 3369 supra
1260 3285 1412 3351 iudicato.

407 3465 575 3525 Lurconis
597 3461 638 3523 de
659 3461 802 3525 ambitu.
848 3463 924 3526 Vid.
948 3464 1105 3527 Aurinia.

403 3642 560 3703 Lurnrra
582 3640 623 3703 de
645 3640 690 3703 υἱ.
735 3639 811 3706 Vid.
838 3641 970 3704 Pnorra
993 3640 1034 3703 cle
1056 3640 1100 3704 vi.

679 3808 835 3871 Manum.

179 3942 236 4015 ,ls
259 3942 335 4021 (Μ’.
356 3939 474 4008 Curius
491 3941 658 4021 Dentatus)
681 3940 825 4003 tribunus
848 3940 969 4021 plebis,
993 3939 1153 4024 interrege
1178 3939 1287 4022 Appio
1309 3938 1416 4005 Caeco

93 4035 216 4099 diserto
240 4035 365 4098 bomine
391 4037 517 4099 conutia
546 4047 656 4097 eontra
686 4036 775 4118 leges
801 4035 956 4106 habente,
989 4056 1058 4095 euru
1080 4037 1117 4097 de
1139 4035 1230 4116 plebe
1254 4036 1415 4097 consulem

92 4154 157 4197 non
182 4130 376 4212 accipiebat,
402 4146 508 4215 patres
528 4144 599 4193 ante
623 4142 769 4193 auctores
786 4131 855 4192 lieri
876 4129 1001 4215 coegit:
1025 4132 1112 4214 quod
1131 4129 1189 4192 luit
1212 4148 1419 4212 permagnum

93 4229 234 4292 nondum
259 4225 330 4307 lege
352 4227 496 4290 Moenia
520 4224 613 4290 lata.''
660 4226 752 4287 Brut.
776 4226 834 4297 tl,
859 4227 912 4287 55.

179 4319 324 4402 „Patres
346 4322 429 4401 apud
453 4318 587 4381 urraiores
607 4330 736 4381 nostros
759 4330 865 4381 tenere
891 4340 956 4380 non
977 4329 1166 4400 potuerunt,
1193 4330 1226 4380 ut
1244 4317 1417 4398 repreben-

93 4435 186 4478 sores
210 4426 315 4477 essent
335 4412 571 4477 comitiorum.''
601 4435 661 4494 pro
685 4412 817 4475 Plancio
840 4413 878 4486 3,
903 4414 934 4476 8.
957 4447 997 4459 -
1019 4413 1160 4484 „Libera
1178 4414 1216 4473 ab
1236 4412 1418 4476 auctoribus

93 4508 236 4591 patriciis
257 4507 408 4589 suffragia
429 4509 563 4570 maiores
584 4505 680 4568 vestri
704 4506 932 4588 paraverunt.'‘
955 4505 1099 4569 Licinius
1116 4507 1230 4569 Macer
1251 4506 1281 4569 in
1299 4507 1416 4572 Salust.

14 4590 19 4605 Χ
94 4603 213 4689 fragm.
237 4604 293 4666 lib.
319 4604 380 4668 lll.
403 4624 437 4684 p.
462 4604 535 4667 972.
560 4604 610 4665 ed.
634 4599 729 4665 Cort.

184 4701 267 4760 Lata
287 4711 334 4759 est
356 4718 372 4759 a
395 4697 538 4764 Maenio
561 4697 688 4758 tribuno
711 4694 813 4776 plebis
830 4713 858 4758 a.
874 4715 907 4755 u.
923 4713 952 4756 c.
970 4693 1043 4756 lob.
1066 4705 1099 4755 ut
1120 4705 1227 4776 patres
1252 4705 1322 4758 ante
1343 4692 1418 4758 inita

98 4814 116 4861 a
143 4791 269 4881 populo
297 4791 450 4876 suffragia
483 4791 595 4858 fierent
622 4801 771 4861 auctores
799 4785 865 4854 eius
896 4785 959 4865 rei,
995 4809 1087 4882 quiam
1116 4789 1255 4876 populus
1281 4789 1421 4856 iussurus
1501 4808 1506 4821 ’
