3202 5318
624 327 776 395 tunsa
795 326 979 401 Lacum.
1399 325 1460 395 291

183 472 309 546 naor.
331 492 392 534 zur
412 471 465 534 lex
480 468 648 545 Voconia,
672 468 744 535 Cic.
767 470 805 533 de
826 470 953 550 republ.
977 470 1043 535 111.
1067 470 1119 533 10.
1141 468 1174 532 in
1194 467 1459 536 MuseiRhenani

268 564 403 648 iarispr.
424 566 493 629 vol.
516 564 584 629 111.
607 563 731 646 (1829.)
752 585 786 645 p.
812 564 1005 629 183-911.
1028 576 1059 628 11
1080 586 1116 646 p.
1139 564 1201 628 309
1219 585 1273 648 sq.

182 662 322 743 Zumpt,
345 660 385 722 ad
408 658 480 724 Cic.
503 658 659 721 Verrinrs
681 656 807 735 (1831.)
829 678 859 740 p.
883 640 1072 722 188-188.
1094 668 1127 721 11
1147 679 1182 740 p.
1207 658 1396 724 188-190.
1460 672 1463 677 “

179 752 287 829 11111,
306 756 362 831 dns
385 754 486 818 Rom.
509 751 717 818 Privatrecht
737 751 847 829 (1836)
869 773 903 834 p.
927 753 987 815 367
1010 772 1082 836 sqq.

173 876 180 893 ·
222 846 288 928 Oui
308 868 389 932 quae
408 855 646 928 exposuerunt,
682 843 721 907 iis
742 844 889 909 omnihus
913 856 1060 909 accurate
1081 844 1173 911 lectis
1197 857 1229 911 et
1253 847 1459 913 consideratis

133 940 464 1021 breviterexplicare
486 942 689 1019 conabimur,
720 937 914 1028 quidnobis
940 943 980 1003 de
1007 939 1078 1023 hac·
1088 938 1161 1025 lege
1182 944 1382 1006 statuendum
1410 942 1459 1005 vi-

133 1037 259 1115 deatur.
302 1037 413 1118 Atque
428 1033 561 1117 primum
582 1035 707 1118 quidem
729 1035 904 1100 videbimus
925 1037 964 1096 de
979 1032 1131 1098 Voconia
1152 1033 1224 1118 ipso
1246 1037 1339 1101 etde
1361 1057 1456 1114 anno,

134 1148 202 1213 qno
224 1128 327 1213 legem
350 1126 532 1192 Voconiam
553 1130 708 1211 perlatam
730 1151 799 1194 esse
821 1126 1047 1212 intelligamus.

220 1222 304 1298 Lata
333 1231 383 1285 est
404 1240 420 1283 1
441 1225 486 1306 Q.
512 1225 673 1289 Voconio
694 1229 792 1290 Sarra
814 1221 944 1285 tribuno
966 1219 1088 1304 plebis,
1117 1222 1225 1295 adiuta
1251 1224 1303 1289 M.
1325 1223 1459 1291 Catonis

136 1316 328 1393 sonoritate
351 1328 385 1379 et
406 1316 601 1401 eloquentia.
645 1317 760 1381 Livius
781 1317 856 1399 epit.
878 1316 997 1379 XLL:
1021 1319 1063 1398 Q.
1087 1318 1262 1382 Voconius
1278 1322 1379 1385 Sarra
1394 1321 1458 1386 tri·

138 1412 251 1474 hunus
278 1410 387 1493 plehis
417 1412 527 1493 legem
552 1412 649 1489 tulit,
680 1433 722 1476 ne
750 1412 826 1498 quis
856 1410 1014 1473 heredem
1042 1410 1220 1473 mulierem
1250 1400 1459 1478 iusiitueret.

140 1503 261 1572 suasis
286 1505 397 1586 legem
418 1506 474 1567 M.
497 1505 602 1569 Cato:
638 1518 756 1571 exstat
781 1503 896 1570 oratio
916 1503 1004 1566 eius.
1038 1506 1077 1566 de
1099 1505 1226 1568 Senect.
1249 1508 1288 1581 5,
1314 1510 1372 1572 tl:
1404 1509 1460 1573 ille

139 1597 289 1680 (Ennius)
308 1610 426 1661 autem
447 1598 616 1680 Caepione
630 1612 665 1663 et
684 1599 842 1683 Philippo
862 1598 989 1661 iterum
1008 1598 1204 1670 consulibus
1223 1612 1380 1666 mortuus
1394 1613 1459 1678 est,

138 1715 245 1778 quum
266 1714 333 1777 ego
355 1691 492 1777 quidem
519 1697 559 1760 V.
578 1705 612 1757 et
633 1697 708 1760 LX.
729 1681 840 1756 anuos
860 1702 964 1754 natus
993 1694 1103 1773 legem
1130 1695 1307 1758 coconiam
1329 1717 1462 1779 magua

138 1809 218 1869 poce
239 1788 392 1867 ethonis
416 1787 579 1851 lateribus
603 1788 803 1851 suasissem.
846 1784 1016 1849 Voconius
1042 1785 1110 1848 sire
1131 1786 1199 1867 ipse
1223 1808 1264 1850 ex
1289 1789 1461 1872 marnicipio

138 1881 260 1947 aricino
283 1881 435 1946 oriundus
455 1880 517 1944 tuit
539 1882 607 1945 sive
624 1903 702 1962 gens
724 1881 810 1945 eius:
834 1877 979 1961 Philipp.
1002 1878 1070 1944 111.
1094 1880 1134 1956 6,
1159 1880 1215 1944 15:
1238 1882 1462 1967 quodantem

137 1975 364 2058 municipium
378 1996 446 2038 non
468 1975 653 2039 contemnit
667 1976 698 2039 is
708 2019 717 2049 ,
729 1974 800 2059 ‘qui
814 1971 985 2036 aricinum
1006 1985 1104 2036 tanto
1124 1996 1230 2058 opere
1247 1974 1412 2060 despicit·
1421 1978 1462 2042 ·2

135 2069 227 2135 Hinc
255 2068 435 2143 voconiae,
467 2067 545 2129 hinc
569 2069 700 2131 atiniae
721 2071 827 2151 leges.
871 2066 922 2129 De
945 2087 1029 2131 anno
1054 2087 1132 2132 vero
1155 2089 1220 2150 quo
1242 2068 1344 2152 legem
1367 2072 1461 2135 latam

136 2184 208 2233 esse
230 2162 335 2227 dicant
356 2162 509 2228 dissensio
532 2175 580 2226 est
606 2163 767 2226 homiuum
791 2164 959 2224 doctorum
987 2161 1071 2223 haurd
1094 2160 1223 2246 exigua.
1268 2163 1403 2233 Kindins
1425 2186 1461 2247 p.

136 2258 225 2321 6.1.
249 2278 281 2319 u.
305 2278 336 2319 c.
359 2258 434 2320 stt.
470 2280 499 2320 a.
524 2258 606 2323 Chr.
631 2258 727 2329 178..
752 2252 919 2336 Zumptius
942 2254 982 2317 ad
1002 2253 1136 2318 Verrin.
1160 2277 1195 2337 p.
1222 2257 1295 2321 189.
1319 2279 1350 2320 a.
1373 2279 1407 2321 u.
1431 2279 1462 2321 c.

136 2350 213 2415 580.
234 2362 268 2413 ’1.
292 2348 375 2415 Chr.
400 2352 493 2427 lat„
528 2348 697 2433 Savignius
729 2348 829 2430 Hugo
852 2346 903 2408 alii
932 2367 962 2411 a.
991 2368 1024 2410 u.
1054 2368 1085 2411 c.
1115 2348 1189 2413 585.
1223 2371 1253 2415 1.
1275 2348 1357 2414 Chr.
1387 2352 1461 2417 169.

137 2443 232 2507 latam
248 2464 317 2507 esse
333 2445 452 2507 dicunt.
498 2447 608 2525 Atque
627 2444 708 2504 hant
722 2451 915 2522 postremam
935 2441 1119 2504 sententiam
1135 2442 1230 2504 video
1245 2443 1339 2506 unice
1355 2464 1460 2515 reram

138 2557 223 2621 esse.
268 2536 349 2601 Nam
372 2559 401 2600 a.
425 2538 500 2600 576.
525 2538 675 2600 latrasse
698 2554 761 2598 non
784 2544 909 2617 potest,
942 2536 1029 2617 quod
1052 2534 1084 2597 in
1107 2556 1142 2597 ea
1166 2537 1283 2600 urentia
1303 2537 1400 2600 fiebat
1414 2540 1459 2602 A.

139 2630 301 2701 Postumii
331 2633 372 2712 0.
396 2631 503 2696 Fulvii
526 2651 723 2703 censorum:
757 2627 890 2690 Verrio.
914 2627 944 2691 l.
968 2628 1025 2701 11,
1051 2630 1129 2691 1011
1162 2630 1226 2693 iste
1248 2626 1399 2708 (Verres)
1421 2665 1481 2681 -‹

138 2746 244 2809 quam
263 2746 410 2809 aeprasm
427 2727 575 2789 edictum
594 2724 789 2806 scripserit,
813 2743 959 2806 quaeso,
981 2722 1189 2806 cognoscite.
1232 2726 1374 2808 QUUM
1390 2726 1462 2789 IN·

140 2822 412 2895 antalam,
440 2823 617 2885 LEGEM
639 2819 971 2883 VOGONIAM-.
994 2850 1032 2861 -
1056 2851 1098 2864 -·
1129 2818 1214 2891 Dic,
1238 2838 1385 2902 preaeso,
1408 2839 1462 2881 ce·

138 2925 228 2976 tera.
262 2945 302 2956 —
338 2918 421 2998 QUI
450 2918 512 2979 AB
548 2919 590 2979 A.
624 2913 871 2979 POSTUMIO
896 2913 939 2992 Q.
969 2913 1141 2977 FULVIO
1170 2914 1463 2979 CENSORIBUS

136 3010 323 3081 POSTVE
345 3012 413 3073 EA
433 3043 473 3053 -
497 3011 637 3075 EEGI'I'
655 3007 860 3073 IECERIT.
885 3037 925 3046 -
947 3005 1108 3069 Imitatur
1127 3027 1219 3069 esses
1237 3008 1351 3088 ipsum
1365 3007 1462 3071 illum

137 3105 181 3184 Q.
204 3104 414 3177 Voconium,
449 3104 508 3188 qui
529 3139 570 3150 —
592 3101 712 3164 sanxit
738 3099 774 3162 in
795 3110 992 3180 posterum,
1023 3098 1083 3182 qui
1108 3112 1190 3180 post
1216 3124 1275 3163 eos
1302 3119 1461 3164 censores

136 3216 259 3257 census
277 3209 365 3259 esset
382 3221 422 3259 ne
442 3198 518 3280 quis
541 3195 699 3258 heredem
717 3194 885 3276 uirginem
903 3215 982 3255 neve
1004 3193 1180 3255 mulierem
1186 3191 1346 3283 faceret.
1392 3197 1460 3257 Ve-

134 3310 207 3350 rum
231 3290 275 3367 Q.
299 3290 432 3352 Fulvius
456 3292 590 3352 Flaccus
612 3290 655 3351 A.
681 3285 866 3350 Postumius
887 3286 1023 3349 Albinus
1044 3289 1089 3364 (v.
1106 3289 1216 3351 Varro
1233 3292 1316 3370 apud
1330 3291 1460 3355 Festum

135 3403 170 3462 p.
196 3382 269 3444 234.
293 3385 344 3445 ed.
367 3386 442 3455 L.)‚
470 3404 629 3445 censores
655 3381 753 3443 creati
776 3402 807 3441 a.
832 3379 925 3453 580..
959 3380 1090 3441 lustrum
1114 3381 1176 3443 LI.
1199 3382 1408 3446 condiderunt
1429 3408 1459 3449 a.

137 3475 221 3539 581:
245 3475 357 3538 Livius
379 3479 476 3541 XLI.
501 3478 553 3538 27.
576 3476 690 3539 XLII.
714 3477 767 3536 10.
814 3475 885 3535 Lex
904 3471 1020 3554 igitur,
1044 3473 1151 3557 inqua
1168 3495 1316 3540 censores
1336 3499 1365 3540 a.
1384 3480 1460 3543 580.

138 3568 238 3631 creati
268 3583 576 3655 corumeruorautur,
610 3592 640 3632 a.
671 3570 744 3632 576.
775 3569 834 3629 lata
865 3588 933 3629 1111
964 3588 1026 3628 non
1058 3580 1177 3649 potest.
1214 3600 1253 3615 ·-
1292 3572 1460 3652 Zumptius

138 3683 238 3725 vero:
263 3664 439 3741 „Liuium‚
464 3663 583 3746 inquit,
608 3675 742 3725 constat
768 3686 815 3723 ex
842 3661 986 3743 epitome
1015 3662 1094 3723 libri
1121 3663 1346 3726 historiarum
1367 3670 1460 3733 XLI.

137 3756 185 3817 ad
206 3777 241 3817 a.
267 3759 340 3818 171.
365 3759 537 3820 retudisse
554 3759 595 3819 de
614 3760 688 3839 lege
710 3755 898 3820 Voconia.”
944 3756 1033 3818 Unde
1056 3756 1214 3818 constat?
1237 3757 1392 3820 Nimirum
1412 3773 1462 3822 est

136 3851 185 3915 II.
210 3849 327 3913 Meieri
356 3852 555 3914 coniectura
582 3851 700 3934 fragm.
732 3860 816 3911 orat.
845 3869 928 3910 roto.
955 3869 988 3928 p.
1018 3848 1075 3909 161
1113 3850 1198 3921 „sed
1226 3852 1372 3933 epitome
1401 3854 1462 3916 itta

135 3943 229 4009 Liuii
256 3956 336 4005 acta
361 3945 598 4027 complectitur
625 3944 704 4005 inde
731 3944 774 4004 ah
801 3965 836 4004 o.
866 3944 942 4006 575.
973 3965 1080 4027 usque
1105 3945 1151 4006 ad
1176 3945 1267 4016 580..
1300 3946 1336 4008 in
1360 3968 1461 4030 quem

134 4057 267 4101 annum
288 4037 377 4098 hane
399 4039 509 4121 Iegem
536 4032 674 4125 refero,
706 4036 788 4119 quia
810 4038 896 4099 Cato
920 4036 1068 4119 quinque
1090 4049 1123 4098 et
1144 4038 1330 4121 sexaginta
1350 4060 1461 4105 annos

134 4141 239 4193 natus
254 4130 364 4212 Iegem
384 4129 573 4194 Voconiam
588 4129 739 4192 suasisse
757 4129 897 4192 dicitur.
942 4130 1134 4194 Secundum
1151 4131 1285 4194 Liuium
1301 4145 1462 4215 utsupra

134 4223 214 4287 disti
227 4224 264 4284 in
279 4224 461 4306 prooemio
483 4222 624 4288 Catonis
646 4225 694 4304 [p.
714 4227 766 4286 11.
781 4221 885 4306 sqq.]‚
908 4226 994 4287 Cato
1009 4235 1176 4287 natusest
1191 4246 1225 4289 a.
1241 4226 1328 4299 515,
1351 4229 1462 4292 suasit

132 4336 219 4399 ergo
239 4317 327 4377 hanc
345 4318 455 4398 legem
479 4316 570 4386 580.,·
591 4315 778 4377 secundum
799 4317 996 4380 Ciceronem
1016 4339 1096 4379 uero
1119 4319 1222 4392 Cato,
1246 4330 1349 4380 nutus
1370 4321 1458 4400 590„

129 4430 198 4492 pro
220 4430 263 4472 ea
284 4408 377 4473 dixit
397 4431 431 4475 a.
454 4410 550 4472 585.”
595 4410 658 4471 Sed
679 4430 715 4469 11
737 4409 919 4471 coniectura
941 4409 1022 4471 falsa
1047 4422 1106 4471 est.
1151 4411 1325 4474 Enarratio
1350 4433 1459 4479 eorsum

137 4496 226 4585 11111
245 4524 329 4568 auno
352 4505 448 4576 580..
473 4516 640 4586 postquam
664 4522 814 4564 censores
840 4500 887 4562 illi
906 4503 1003 4564 creati
1026 4514 1148 4578 essent,
1173 4514 1205 4565 et
1226 4525 1257 4566 1.
1280 4506 1352 4569 581.
1374 4521 1464 4593 gesta

135 4596 200 4660 sint
221 4601 305 4679 apud
327 4597 455 4661 Livium
478 4600 587 4676 (XLI.
603 4599 655 4660 27.
680 4630 720 4641 —
743 4595 859 4659 XLII.
879 4598 946 4672 10.)
969 4595 1092 4680 integra
1112 4610 1158 4660 est
1175 4619 1275 4682 neque
1294 4600 1463 4685 quidquam

138 4690 170 4753 in
191 4690 252 4753 hac
274 4690 480 4771 historiarum
506 4705 597 4778 parte
625 4690 735 4754 laceri.
782 4688 903 4754 Contra
929 4690 1066 4770 epitome
1090 4692 1114 4754 l.
1138 4692 1235 4755 XLI.
1260 4694 1339 4758 hanc
1362 4696 1463 4779 legem

141 4783 247 4849 11111111
272 4797 346 4871 post
371 4785 507 4851 lustrum
529 4784 823 4872 quinquagesimum
846 4795 1096 4864 commemorat,
1128 4788 1216 4870 quod
1236 4785 1289 4851 Μ.
1308 4788 1465 4855 Aemilius
