3202 5318
188 278 254 343 aen
578 267 584 299 ·
656 252 825 361 ,senex
843 274 1027 343 necans.

191 430 374 483 accussator
395 416 567 501 deligeret,
596 414 639 479 ita
659 428 695 480 nt
713 420 886 482 verendum
909 428 1011 493 esset,
1042 437 1082 481 ne
1107 417 1177 482 sola
1198 415 1397 503 malignitate
1426 416 1514 482 dascti

190 532 279 577 reum
301 516 559 577 condemnarent.
601 511 710 595 Atque
732 512 810 575 baec
831 531 905 575 sane
934 511 1059 575 videtur
1081 532 1192 575 caussa
1212 512 1328 588 lesisse,
1353 516 1397 577 ob
1418 534 1515 595 quiam

192 606 265 672 olim
296 607 367 669 Ser.
395 604 555 687 Sulpicio,
590 625 660 667 cum
690 605 808 668 iudices
835 605 979 668 editicios
1006 625 1077 668 esse
1105 605 1222 680 vellet,
1258 617 1514 692 repugnatumst.

191 699 310 763 Scribit
333 698 414 789 enim
439 697 557 763 Cicero
579 718 641 780 pro
667 700 759 762 Mur.
785 698 826 764 C.
850 701 987 763 XXIII.
1012 705 1043 776 §.
1068 701 1106 777 ll
1120 721 1130 762 z
1167 700 1264 766 Idem
1284 701 1443 766 editicios
1463 700 1517 764 iu·

190 792 282 857 dices
303 814 377 857 esee
396 792 549 868 noluisti,
585 804 623 856 nt
645 793 728 856 odio
749 797 883 857 occidte
910 794 1052 870 ciuium,
1087 815 1176 878 quoe
1201 794 1313 858 tacitis
1334 784 1423 858 nunc
1448 794 1517 858 dis-

189 887 318 951 cordiis
331 887 565 964 continentur,
590 886 812 978 informitas
827 888 961 970 optumi
974 889 1136 971 cuiusque
1156 901 1387 972 erumperent.
1432 887 1515 953 Cum

190 981 304 1064 quibem
326 985 525 1063 conparanda
547 992 638 1056 stant,
664 1002 744 1065 quae
767 981 849 1044 idem
872 982 902 1043 in
926 1003 977 1046 or.
1002 983 1115 1047 Plane.
1139 983 1171 1055 §.
1195 984 1247 1046 40.
1272 994 1403 1066 questus
1426 994 1487 1046 est.

274 1075 388 1158 ltaque
411 1077 595 1139 Laterensis
618 1076 678 1139 etsi
702 1086 826 1138 senatus
850 1075 1016 1139 consilium
1043 1097 1107 1140 non
1133 1076 1296 1151 servavit,
1327 1097 1398 1140 cum
1425 1075 1513 1150 alias,

189 1187 282 1250 qnam
309 1190 387 1251 quiae
413 1182 582 1252 corruptas
604 1169 833 1232 criminabatur
855 1169 976 1246 tribus,
999 1170 1119 1247 edidit,
1155 1182 1259 1236 tamen
1291 1182 1403 1234 eontra
1435 1167 1515 1252 legis

189 1264 290 1325 rerba
311 1263 424 1326 fecisse
448 1284 512 1327 non
536 1275 642 1346 potest
663 1265 738 1328 dici.
781 1266 963 1328 Prudenter
987 1276 1089 1328 autem
1115 1266 1219 1351 egisse
1245 1287 1335 1340 enm,
1360 1260 1417 1346 quai
1438 1282 1516 1345 qeins

189 1357 311 1432 tribus,
335 1378 405 1420 cnm
429 1369 534 1421 essent
554 1379 572 1420 a
592 1359 726 1422 Plancio
748 1358 919 1443 largitione
939 1360 1123 1435 devinctae,
1148 1361 1324 1425 benevolos
1342 1357 1417 1420 lore
1436 1354 1517 1418 iudi-

191 1471 245 1514 cee
266 1452 486 1533 praeviderat,
521 1473 584 1515 non
611 1451 761 1527 ediderit,
795 1474 897 1536 neqsse
920 1451 1022 1534 ipsum
1051 1452 1244 1519 Ciceronem
1270 1452 1356 1539 lugit
1377 1454 1423 1529 (§.
1448 1452 1515 1530 44.)

189 1554 222 1609 et
242 1547 282 1608 ab
304 1546 477 1628 interprete
501 1545 718 1613 Ambrosiano
741 1557 827 1609 recte
850 1558 899 1609 est
922 1548 1127 1612 admonitum.

810 1712 841 1781 §.
867 1707 897 1771 4.

318 1816 364 1870 De
380 1835 489 1889 poena,
508 1837 578 1890 quoe
597 1818 890 1871 adverserrsodelieia
910 1819 973 1889 lege
992 1819 1103 1873 Licinia
1120 1827 1276 1875 constituta
1286 1820 1396 1894 feeerit.

274 1919 365 2002 Quae
387 1941 489 2003 poena
512 1921 584 2006 lege
605 1920 730 1985 Licinia
753 1925 906 1986 adversus
932 1943 990 1986 eos
1014 1923 1185 1988 constituta
1206 1925 1320 2002 luerit,
1344 1922 1402 2007 qni
1425 1925 1521 1988 soda-

188 2011 336 2079 liciorum
365 2016 501 2078 damnati
531 2027 637 2092 erant,
672 2016 740 2098 ipsa
767 2016 870 2080 oratio
893 2015 1065 2080 Planciana
1090 2020 1200 2093 docet,
1234 2019 1266 2081 in
1292 2040 1354 2104 qua
1385 2017 1427 2084 C.
1450 2020 1517 2082 III.

189 2109 222 2182 5.
245 2108 277 2175 8.
298 2109 470 2191 scriptum:
495 2122 568 2173 turn
589 2111 680 2174 enim
702 2111 949 2194 magistratum
970 2131 1038 2174 non
1060 2112 1269 2195 gerebatis,
1293 2113 1353 2197 qni
1366 2125 1515 2197 ceperat,

189 2204 222 2268 si
246 2216 366 2287 potres
392 2216 552 2269 auctores
581 2224 650 2268 non
672 2203 904 2295 montfortis
934 2225 1023 2267 nnnc
1044 2207 1242 2287 postulatur
1263 2226 1287 2268 a
1308 2207 1401 2272 nobis
1423 2208 1518 2286 (iudi-

189 2296 295 2378 cibus)
323 2312 362 2362 ut
393 2300 467 2363 eius
493 2300 652 2375 exilio,
685 2302 746 2385 qui
774 2311 910 2362 erectus
940 2299 1003 2373 sit,
1035 2299 1200 2362 iudicium
1222 2300 1344 2383 populi
1369 2301 1519 2365 Romani

191 2393 460 2475 reprehendatis.
505 2394 583 2457 Illut
606 2393 781 2468 incertum,
814 2405 893 2477 quint
919 2412 1072 2456 annorum
1100 2393 1229 2455 exilium
1254 2393 1363 2456 luserit.
1409 2396 1519 2478 Atque

193 2505 263 2549 carm
295 2493 484 2569 conpertum
508 2488 697 2563 habeamus,
734 2488 803 2570 lege
829 2485 953 2560 'Irrllia‚
987 2487 1041 2570 qui
1069 2486 1203 2548 ambitus
1231 2486 1366 2549 damnati
1392 2498 1516 2562 essent,

191 2580 290 2644 exilio
312 2581 474 2644 decennali
498 2581 646 2644 multatos
673 2602 761 2657 esse,
786 2583 824 2644 de
849 2602 910 2666 qnia
938 2602 973 2644 re
1001 2580 1072 2643 vide
1094 2602 1175 2662 quiae
1203 2580 1233 2643 in
1256 2579 1383 2647 Comm.
1405 2582 1445 2644 ad
1475 2580 1517 2646 C.

192 2675 362 2739 XXXIV.
387 2681 418 2752 §.
442 2675 496 2738 83.
520 2678 666 2739 adnotata
689 2686 776 2751 ssrnt,
803 2686 896 2738 erunt
919 2664 1077 2749 fortasse,
1103 2675 1157 2759 qui
1183 2676 1374 2739 atrociorem
1402 2676 1520 2737 debere

191 2788 325 2850 poenam
349 2770 499 2831 adversus
522 2790 596 2844 eos,
629 2767 682 2852 qui
704 2768 930 2832 sodaliciorum
954 2767 1095 2830 convicti
1117 2780 1241 2843 essent,
1265 2771 1424 2831 decretam
1450 2789 1519 2832 esse

191 2862 299 2923 statui.
343 2864 468 2926 Verum
499 2883 685 2946 quamquam
719 2861 850 2925 maioris
882 2861 1035 2924 facinoris
1065 2880 1139 2923 reus
1169 2863 1356 2943 putabatur,
1392 2861 1448 2946 qui
1480 2864 1518 2924 de

192 2955 350 3018 sodaliciis
380 2978 473 3040 quarn
501 2956 554 3039 qui
584 2960 623 3020 dc
652 2955 770 3017 ambitu
797 2957 1039 3030 accussabatur,
1071 2966 1173 3016 tamen
1200 2976 1263 3040 ego
1295 2976 1359 3019 non
1385 2957 1516 3031 dubito,

192 3050 266 3132 quain
286 3050 428 3112 atrocior
446 3071 567 3132 poena,
592 3069 685 3133 quiam
701 3049 851 3130 prolecto
867 3048 1091 3112 sodaliciorum
1108 3047 1157 3111 rei
1173 3051 1353 3124 merebant,
1378 3050 1408 3112 in
1428 3071 1519 3112 acer·

193 3142 285 3207 ltiore
306 3143 441 3221 iudicio,
465 3148 552 3228 qrsod
574 3145 604 3208 in
627 3165 683 3207 eos
707 3145 933 3217 exercebatur,
957 3142 1064 3224 posita
1081 3142 1189 3206 luerit.
1235 3144 1394 3233 Acerbitas
1415 3155 1520 3207 antem

192 3237 256 3301 hoc
281 3237 428 3300 iudicium
458 3252 525 3302 erat
550 3250 743 3321 propterea,
768 3240 892 3319 quoda
919 3237 1092 3310 indicibus,
1117 3257 1199 3319 quior
1222 3237 1311 3300 solus
1334 3234 1520 3301 accussator

194 3333 357 3395 extribus
380 3334 523 3396 tribubus
543 3334 724 3417 delegerat,
750 3331 977 3417 exercebatur,
1003 3352 1071 3393 cum
1095 3333 1134 3394 de
1156 3331 1275 3394 ambitu
1293 3329 1426 3395 reiectio
1449 3331 1519 3395 lieri

194 3422 332 3489 indicum
357 3426 552 3489 alternorum
580 3429 714 3501 soleret,
744 3422 884 3506 ideoque
911 3423 1049 3487 ambitus
1077 3424 1125 3487 rei
1152 3426 1251 3489 trisulto
1271 3424 1399 3488 lacilius
1425 3447 1518 3507 qnam

195 3518 248 3602 qui
276 3521 314 3584 de
342 3519 501 3583 sodaliciis
531 3519 682 3603 postulati
709 3529 797 3580 erant
824 3515 949 3580 delendi
972 3530 1004 3581 et
1029 3517 1157 3582 absolvi
1177 3531 1321 3601 possent.
1366 3518 1517 3584 Clr.·or.

196 3612 308 3689 Plauc.
333 3613 374 3679 C.
397 3615 478 3678 XV.
500 3621 532 3690 §.
557 3614 610 3678 36.
634 3613 742 3697 ibique
764 3611 922 3693 interpres
946 3613 1192 3677 Ambrosianus.

464 3794 605 3856 Lacinia
627 3790 854 3875 sumptuaria.
898 3790 978 3855 Vid.
1003 3790 1254 3856 &incruentum

461 3972 600 4036 Lucrum
621 3982 653 4034 et
674 3970 785 4034 laun.
829 3969 908 4032 Vid.
932 3968 1030 4034 Iunia
1052 3981 1083 4034 et
1105 3973 1257 4035 Lucrum.

463 4152 603 4216 Licinia
625 4161 655 4213 et
678 4112 798 4212 Mucii
820 4149 862 4212 de
883 4149 1011 4213 ciuibus
1033 4150 1247 4234 redigendis.

284 4273 430 4358 „Legem
459 4272 628 4355 Liciniom
658 4282 689 4333 et
717 4270 875 4334 Muciam
903 4273 942 4334 de
973 4272 1096 4334 civibus
1126 4270 1275 4355 regundis
1305 4271 1400 4354 [lort.
1431 4273 1522 4337 redi·

198 4368 341 4451 grundis]
365 4365 459 4431 rideo
480 4377 628 4429 constare
649 4365 733 4427 inter
753 4385 879 4440 omnes,
904 4386 995 4447 qnam
1020 4369 1084 4430 diro
1105 4368 1252 4429 consules
1278 4365 1415 4431 omnium
1440 4388 1522 4451 quos

202 4459 334 4523 vidimus
357 4459 579 4543 sapientissimi
604 4458 763 4532 tulissent,
787 4481 851 4523 non
875 4460 969 4522 modo
995 4458 1134 4522 inutilem
1157 4462 1214 4522 sed
1239 4458 1453 4543 perniciosam
1476 4459 1525 4524 rei

200 4551 346 4632 publicae
367 4552 500 4618 luisse.”
537 4574 599 4635 pro
622 4552 777 4619 Cornelio
799 4553 917 4637 fragm.
943 4555 994 4616 10.
1014 4561 1051 4635 p.
1076 4554 1151 4617 449.
1174 4588 1215 4601 ·-
1256 4559 1336 4636 „L.,
1350 4555 1524 4619 Licinium

199 4645 364 4732 Croesum
393 4660 557 4712 oratorem
586 4659 617 4711 et
645 4652 690 4733 Q.
720 4648 881 4712 Mucium
910 4648 1107 4713 &areolam
1128 4647 1319 4712 Pontificem
1341 4649 1523 4713 Maximum

199 4740 397 4822 eundemque
420 4753 454 4806 et
476 4754 643 4809 oratorem
671 4753 703 4804 et
722 4741 800 4805 iuris
828 4742 1005 4806 consultum
1028 4741 1197 4826 significat.
1241 4741 1287 4809 IIi
1311 4741 1393 4807 enim
1415 4743 1524 4830 legem
