3202 5318
532 344 685 413 lNDEX
706 341 1056 411 Fouttunauuut

220 489 332 553 Iuste
354 486 503 571 pieque
525 508 728 550 accusare.
761 506 824 568 pro
848 481 998 549 Cluentio
1022 482 1081 557 14,
1106 480 1159 544 42.

195 560 431 648 Iustrtrum
454 580 578 644 edrcrt
602 592 740 644 senatus
784 578 988 660 Philipp.6,
1016 579 1053 652 1,
1077 576 1108 641 2.

220 678 375 742 luatus.
419 675 699 738 VideBellum.
744 671 952 736 Victoria.

219 771 432 835 Iuventus.
478 770 599 834 Obiicis
627 779 751 874 raptam
779 787 847 830 esse
872 764 1047 839 mimulam;
1079 764 1167 849 quod
1196 761 1311 826 dicitur
1341 761 1455 827 Atinae

132 867 252 931 factum
284 886 302 928 a
332 864 539 927 iuventute
569 848 736 942 (sodalicio
765 861 928 937 iuvenum)
957 868 1066 921 vetere
1091 855 1262 942 quodam
1254 876 1284 918 ιιι
1314 853 1456 918 scenicos

134 961 206 1025 iure
230 957 429 1042 maximeque
452 957 628 1039 oppidano.
661 974 723 1037 pro
746 954 880 1018 Plancio
903 953 964 1028 12,
987 953 1037 1018 30.
1159 946 1164 955 ’

223 1053 268 1118 Κ.
285 1051 465 1115 litteram
479 1049 695 1114 calumniatori
708 1051 747 1111 ad
758 1059 854 1130 caput
868 1047 1009 1130 affigere.
1021 1067 1082 1128 pro
1093 1047 1128 1109 S.
1140 1045 1242 1110 Rosc.
1252 1048 1328 1110 Am.
1338 1046 1389 1122 20,
1403 1045 1456 1109 57.

221 1145 388 1210 Latinis
411 1144 524 1224 (leriis)
548 1163 702 1207 carnem
724 1154 878 1225 petere.
911 1163 974 1224 pro
998 1140 1131 1205 Plancio
1155 1140 1192 1214 9,
1216 1140 1269 1203 23.

222 1239 442 1306 Latinitas.
475 1236 641 1319 Quicrves
656 1235 817 1301 Romani
808 1257 840 1298 ιιι
856 1235 999 1300 colonias
1014 1234 1145 1298 Latinas
1160 1234 1456 1317 proficiscebantur,

137 1337 212 1402 lieri
235 1357 301 1399 non
329 1344 479 1416 poterant
508 1331 664 1407 Latini,
698 1331 752 1415 qui
785 1351 851 1394 non
879 1342 968 1393 erant
998 1340 1145 1393 auctores
1174 1328 1250 1392 lacti
1282 1324 1459 1449 nomenque

138 1435 303 1496 dederant.
349 1430 417 1493 Pro
441 1430 537 1489 domo
560 1428 620 1503 30,
646 1427 697 1489 78.

225 1523 413 1589 Latitare
434 1533 481 1585 est
503 1521 603 1604 turpis
626 1519 796 1583 occultatio
819 1519 879 1583 sui.
926 1517 997 1586 cic.
1025 1520 1188 1607 Furagmm.
1212 1540 1244 1600 p.
1267 1518 1341 1580 442.

228 1599 424 1695 Laudare.
469 1616 508 1679 In
536 1615 670 1678 ambitus
697 1612 814 1678 iudicio
844 1613 979 1699 aliquem
1006 1633 1082 1696 pro
1113 1611 1348 1677 testimonio
1379 1613 1460 1676 lau·

142 1720 252 1781 dare.
283 1724 344 1794 pro
368 1709 519 1775 Cluentio
542 1711 601 1784 47,
628 1709 700 1771 132.

227 1805 504 1871 Laudationes
525 1802 557 1865 iu
580 1801 828 1865 defensionibus.
861 1822 924 1884 pro
948 1804 1070 1866 Scauro
1093 1803 1130 1879 2,
1153 1804 1205 1867 43.

227 1899 425 1965 Laudatio
447 1897 646 1961 funebris.
690 1897 776 1959 Vide
799 1898 1103 1961 Honoratorum
1133 1897 1316 1961 virorum
1338 1908 1399 1963 cet.

226 1992 437 2060 Laudatio
458 1990 745 2074 provincialis.
790 1991 875 2055 Vide
898 1994 1069 2056 Senatus
1096 1991 1466 2072 consultnmtsyra.

140 2110 432 2247 cusaliiiiudatio
454 2180 629 2263 publica.
653 2202 715 2264 pro
738 2178 890 2244 Cluentio
913 2183 972 2256 69,
998 2180 1071 2244 196.
1093 2215 1135 2227 -
1156 2180 1308 2244 Libelli
1330 2180 1463 2244 lauda-

144 2278 311 2344 tionum.
356 2275 495 2351 lbid.§.
521 2277 591 2340 197.

229 2371 439 2435 Laudatur
461 2380 514 2432 aut
536 2372 773 2455 advocatus.
794 2390 856 2451 pro
880 2369 1029 2435 Cluentio
1053 2374 1110 2450 40,
1136 2372 1209 2434 110.

230 2467 382 2530 Lectos
405 2476 589 2527 sternere
611 2463 761 2528 homini
785 2475 958 2528 mortuo.
982 2469 1019 2528 de
1042 2468 1153 2552 Lrgg.
1178 2469 1214 2543 2,
1239 2469 1299 2546 24,
1323 2469 1377 2531 60.

230 2560 400 2623 Lectum
437 2558 637 2642 genialem
674 2568 797 2620 mater
832 2557 948 2622 filiae
985 2561 1148 2629 nubenti
1188 2562 1355 2627 sternit.
1400 2582 1463 2646 pro

146 2653 299 2721 Cluentio
321 2656 357 2732 5,
381 2656 431 2716 14.

232 2749 389 2833 Legare
413 2750 459 2811 ab
481 2748 584 2832 aliqu
595 2768 628 2810 o.
672 2747 714 2810 Ei
738 2759 926 2815 testamento
941 2750 1060 2834 'legat
1081 2753 1231 2836 grandem
1255 2751 1418 2835 pecuniam
1446 2771 1470 2815 a

146 2842 262 2918 lilio,
297 2843 323 2906 si
354 2842 407 2929 qui
437 2853 528 2905 natus
561 2852 660 2922 esset,
694 2863 711 2904 a
743 2845 925 2908 secundo
957 2846 1103 2909 herede
1133 2846 1211 2909 nihil
1242 2844 1360 2932 legat.
1403 2867 1464 2931 pro

147 2935 297 3001 Cluentio
322 2937 380 3014 12,
404 2937 458 3000 33.

233 3034 403 3114 Legata.
447 3033 540 3107 Nou,
562 3030 589 3094 si
609 3030 704 3094 uxori
729 3029 778 3093 vir
802 3031 921 3116 legavit
942 3045 1106 3118 argentum
1134 3056 1244 3111 omne,
1268 3039 1354 3119 quod
1376 3058 1464 3100 suum
1588 3076 1590 3080 ·

148 3137 250 3202 esset,
275 3126 413 3200 idcirco,
438 3125 562 3207 quaein
581 3125 920 3213 nominibussuerunt,
944 3128 1079 3211 legata
1103 3141 1186 3191 sunt.
1230 3129 1369 3193 Multum
1385 3133 1465 3194 enim

148 3221 272 3377 gidqtgt,
296 3220 463 3377 iibiicafsse
483 3219 619 3376 pgrgitum
637 3219 677 3282 sit
700 3233 883 3304 argeutum,
910 3242 948 3283 an
972 3223 1001 3284 iu
1024 3222 1136 3285 tabulis
1159 3226 1322 3296 debeatur.
1347 3225 1465 3309 Topic.

178 3360 188 3390 s
256 3357 265 3376 ⁶
385 3358 393 3375 ·
467 3360 475 3388 s
546 3358 553 3375 ·

238 3407 426 3492 Legatio.
473 3407 563 3472 Cum
594 3408 811 3492 legatione
836 3420 867 3474 et
889 3411 1069 3475 laudatione
1095 3413 1229 3497 aliquem
1255 3417 1293 3476 ad
1317 3413 1466 3478 iudicium

152 3500 289 3565 mittere.
308 3523 369 3583 pro
393 3501 506 3565 Caelio
528 3502 564 3578 2,
590 3504 621 3565 5.

237 3595 407 3679 Legatio
437 3596 576 3658 libera.
613 3599 650 3658 de
683 3598 791 3682 Legg.
823 3599 859 3676 3,
889 3599 925 3676 8,
960 3601 1011 3664 18.
1055 3601 1141 3665 Vide
1168 3602 1199 3665 in
1223 3603 1332 3666 ludica
1357 3605 1466 3686 Legg.

151 3687 237 3753 Bait.
262 3688 364 3752 Iulia
388 3692 426 3751 de
450 3691 527 3752 libb.
552 3691 639 3774 legg.

236 3783 488 3867 Legationes
517 3785 733 3865 perlectae
763 3799 817 3849 aut
845 3788 1037 3854 reiectae.
1093 3792 1226 3855 Senatus
1259 3791 1367 3855 haberi
1396 3801 1468 3855 ante

152 3877 313 3943 Kalendas
344 3879 444 3941 Febr.
477 3900 534 3960 per
564 3879 666 3962 legem
696 3880 829 3963 Pupiam
858 3904 921 3946 nou
955 3895 1073 3965 potest,
1107 3907 1213 3970 neque
1240 3908 1346 3950 mense
1368 3886 1467 3950 Febr.

151 3983 242 4047 toto,
269 3992 327 4034 urst
350 3972 547 4052 perlectis
571 3985 623 4034 aut
646 3973 1128 4062 retectrslegatiourbus
1153 3982 1410 4057 adFam.1‚4,
1436 3982 1467 4043 1.

237 4065 702 4150 Legationesreiectae.
736 4090 797 4152 pro
821 4071 955 4135 Plancio
981 4075 1036 4148 44
1060 4074 1187 4138 33.-
1147 4073 1468 4160 -Legatioues

151 4158 518 4223 reiectaeinldus.
554 4162 657 4241 adQ
682 4163 738 4224 Fr.
762 4163 797 4237 2,
822 4165 856 4242 3,
882 4169 912 4229 1.

239 4254 430 4361 Legatus
477 4256 601 4316 Nomen
625 4255 747 4338 legati
770 4260 921 4321 eiusmodi
945 4282 1013 4324 csse
1035 4263 1145 4336 debet,
1177 4263 1263 4345 quod
1288 4283 1350 4326 non
1374 4265 1468 4327 modo

152 4347 236 4409 inter
257 4349 417 4411 sociorum
441 4347 527 4420 iura,
557 4350 611 4409 sed
638 4349 728 4411 etiam
762 4349 842 4412 inter
869 4354 1004 4417 hostium
1034 4356 1094 4417 tela
1124 4355 1279 4418 incolume
1310 4369 1468 4420 versetur.

153 4441 255 4504 Vera.
281 4445 400 4504 Aecus.
427 4446 462 4516 1,
487 4443 547 4516 38,
572 4444 624 4505 85.
919 4440 937 4486 ⁸

239 4537 420 4620 Legatus
444 4535 723 4620 quaestorius.
768 4540 868 4600 Verr.
893 4541 1012 4603 Aecus.
1039 4543 1074 4617 1,
1100 4543 1156 4620 21,
1183 4543 1232 4608 56.

242 4630 350 4715 Lego
374 4652 507 4714 agere.
539 4653 599 4713 pro
623 4629 759 4695 Caecina
783 4653 854 4714 cap.
880 4633 918 4694 12
941 4655 1010 4718 seq.

243 4724 378 4808 Leges
411 4726 462 4786 Μ.
495 4724 580 4787 Livii
610 4725 708 4790 Drusi
738 4739 880 4791 contra
910 4729 1091 4811 auspicia
1124 4731 1240 4796 latae.
1283 4732 1408 4800 Aaron.
1436 4731 1468 4797 iu

160 4812 294 4878 Cornel.
319 4840 352 4899 pv.
378 4818 428 4879 68.
454 4819 537 4880 Bait.
