3202 5318
577 334 728 403 INDEX
748 336 930 407 Lucum.
1343 345 1405 411 229

80 486 148 542 utra
169 496 241 541 esse
255 495 348 541 nemo
362 474 502 554 dubitat,
523 475 663 562 ideoque
677 475 799 543 Caesar
812 477 845 542 in
860 478 949 563 lege,
971 500 1064 566 qnam
1082 503 1151 546 cum
1168 486 1206 548 de
1220 486 1405 570 repetundis

80 569 191 636 tulisse
211 572 310 635 nando
332 569 487 644 diximus,
512 572 599 636 nullo
617 572 705 635 facto
725 569 905 637 discrimine
925 592 1032 637 earum
1052 575 1187 639 omnium
1204 582 1404 660 pecuniarum

81 675 246 748 captarum
277 663 509 728 accusationem
539 663 724 738 constituit,
759 685 837 745 quas
869 663 940 748 qnia
967 666 999 731 in
1032 669 1219 752 magistratu
1249 684 1408 756 potestate

81 759 247 823 curatione
277 757 517 842 legationem
544 777 611 843 quo
642 757 704 823 alio
727 758 833 822 officio
859 780 988 824 munere
1014 763 1252 848 ministerioque
1277 766 1407 848 publico

80 851 258 936 accepisset
281 854 324 918 ob
347 851 397 916 ius
419 852 584 915 dicendum
607 850 658 914 vcl
682 853 724 915 ob
747 850 944 916 iudicandum
971 857 1243 923 decernendumve
1267 861 1316 924 vel
1343 880 1435 946 quo·

81 946 184 1032 magis
205 958 259 1011 aut
285 945 386 1009 minus
412 944 487 1027 quid
509 966 550 1008 ex
570 943 679 1011 officio
703 966 762 1009 suo
787 945 910 1009 faceret
939 950 996 1026 (L.
1027 951 1057 1012 1.
1086 951 1119 1013 3.
1151 953 1182 1015 lt.
1210 952 1254 1017 D.
1278 956 1410 1040 delego

80 1040 146 1107 Iul.
167 1043 273 1124 rep.·);
296 1041 351 1104 sed
376 1040 470 1102 etiam
493 1038 525 1103 in
552 1039 686 1124 singuiis
707 1041 803 1104 rebus
826 1040 1009 1105 nominatim
1032 1046 1071 1107 dc
1094 1045 1224 1109 urbanis
1244 1048 1410 1131 magistra·

80 1135 167 1199 tibus
188 1134 273 1198 cavit
294 1134 352 1212 (L.
376 1133 408 1196 6.
432 1139 464 1211 §.
486 1133 517 1200 2.
539 1135 584 1197 1..
607 1135 639 1197 8.
663 1135 765 1214 eod).
807 1134 905 1215 Qttod
926 1135 953 1198 si
978 1137 1159 1217 quaerimus
1179 1144 1306 1223 quando
1326 1144 1409 1207 anti·

82 1251 164 1325 quus
192 1228 240 1292 rei
264 1238 364 1290 status
391 1226 434 1290 ita
461 1237 600 1292 mastatus
629 1228 740 1303 luerit,
774 1227 850 1317 nibil
883 1228 1008 1314 quidem
1040 1232 1118 1294 certi
1151 1236 1314 1311 hahemus,
1349 1238 1410 1302 nisi

83 1323 253 1410 quodiam
278 1321 310 1385 in
337 1320 473 1386 Servilia
497 1322 568 1405 lege
592 1322 697 1385 miultis
718 1321 798 1384 locis
821 1324 1038 1388 accusationes
1065 1327 1231 1391 amitibus
1255 1332 1409 1399 Romanis

80 1419 245 1484 faciendae
267 1427 573 1499 commemorantum
603 1438 760 1501 quaeres
782 1415 813 1478 in
834 1437 926 1479 causa
947 1416 1027 1492 fruit,
1053 1430 1086 1480 nt
1108 1441 1177 1482 cum
1205 1423 1356 1505 Sigonius
1377 1424 1409 1489 in

81 1513 155 1596 ipso
183 1510 288 1594 primo
317 1509 383 1573 cius
418 1531 513 1574 versu
544 1511 792 1595 redintegrando
826 1510 938 1573 civium
970 1513 1188 1576 Romanorum
1221 1518 1409 1583 mentionem

81 1606 260 1680 iniecisset,
284 1624 344 1667 nos
368 1603 443 1667 nibil
469 1606 509 1668 ab
531 1626 571 1668 eo
595 1603 846 1668 dissenserimus.
891 1607 1006 1669 Utrum
1031 1619 1132 1670 autem
1157 1608 1231 1671 huic
1248 1610 1310 1688 legi
1330 1616 1410 1677 banc

84 1698 292 1767 mutationem
312 1699 481 1761 debeamus
502 1720 539 1760 an
559 1697 670 1762 lunias
689 1720 752 1762 non
774 1699 850 1760 satis
871 1711 1011 1773 constat3
1036 1711 1170 1764 attamen
1189 1703 1261 1766 mibi
1282 1704 1407 1789 quidem

81 1793 254 1878 probabile
277 1803 342 1868 est,
368 1792 537 1855 Servilium
559 1793 695 1875 primum
715 1793 802 1855 cives
821 1813 951 1876 quoquc
975 1795 1012 1855 ad
1029 1800 1238 1858 accusandum
1262 1819 1407 1876 vocasse,

82 1899 258 1972 propterea
283 1889 369 1968 quod
390 1886 433 1949 ita
458 1908 493 1949 ea
521 1888 725 1961 coniectura,
757 1890 795 1949 ad
823 1908 917 1970 quam
946 1886 1168 1969 interpretatio
1196 1901 1227 1952 et
1249 1892 1409 1959 restitutio

82 1983 264 2047 tabularum
286 2002 344 2045 nos
366 1981 494 2065 coegit,
519 1980 637 2063 optime
655 1982 820 2056 firmatur,
843 2002 922 2065 qua,
947 1981 1019 2064 lcgc
1038 1984 1161 2045 demum
1179 1983 1312 2047 Servilia
1335 1987 1406 2062 lata,

83 2072 562 2163 quaestiones-repetundarum
587 2097 649 2138 nou
674 2088 708 2137 ut
733 2088 802 2137 ante
825 2096 841 2136 a
864 2088 1012 2156 praetore
1036 2078 1209 2159 peregrino
1233 2081 1286 2139 sed
1310 2101 1326 2139 a
1354 2102 1410 2161 pe·

82 2168 195 2235 cnliari
222 2181 373 2252 praetore
399 2172 645 2250 repetundarum
674 2168 821 2233 exerceri
848 2169 991 2251 coepisse
1013 2171 1177 2234 statuimus
1203 2169 1300 2254 (Cap.
1326 2173 1408 2237 Vll.

83 2276 152 2330 not.
177 2267 239 2341 t.).
284 2262 435 2329 Ceterum
462 2274 496 2325 ut
511 2264 593 2327 hanc
609 2263 841 2327 accusationem
866 2283 929 2326 non
952 2264 1047 2327 modo
1068 2267 1220 2328 adversus
1241 2285 1331 2339 οιιιιι,
1355 2264 1410 2347 qui

82 2358 234 2441 pecunias
258 2357 414 2440 cepisset,
448 2359 505 2419 sed
530 2357 621 2420 etiam
648 2359 800 2418 adversus
826 2377 915 2428 etim,
950 2355 1006 2437 qui
1035 2356 1103 2438 ipse
1134 2359 1263 2420 cuiusve
1293 2378 1409 2439 parens

81 2453 208 2516 liliusve
231 2451 276 2515 illi
296 2451 390 2514 heres
404 2450 506 2513 iactans
525 2453 580 2526 sit,
604 2460 636 2515 et
653 2454 740 2536 quod
763 2450 862 2512 adieci
883 2448 981 2530 (Cap.
1007 2452 1032 2514 l.
1058 2464 1125 2512 not.
1151 2452 1234 2528 13.),
1256 2454 1410 2517 adversus

83 2568 170 2621 eum,
197 2544 305 2630 quiin
328 2545 395 2615 eius
421 2555 581 2626 potestate
607 2566 698 2606 manu
723 2543 921 2625 anancipiove
945 2543 1059 2618 fauerit,
1084 2544 1144 2607 iam
1173 2566 1212 2607 ea
1238 2544 1310 2628 lege
1334 2545 1409 2607 Ser·

83 2639 157 2703 vilia
180 2638 255 2702 deri
273 2638 415 2721 potuisse
436 2648 556 2700 certum
578 2650 641 2713 est,
665 2639 708 2702 ita
727 2648 871 2710 constat,
896 2638 998 2722 legem
1015 2639 1182 2701 Serviliam
1199 2650 1228 2700 et
1249 2649 1323 2720 post
1340 2660 1408 2702 eata

84 2731 269 2800 cometiae
293 2732 466 2815 italiamque
493 2731 630 2807 cavisse,
663 2745 696 2794 ut
721 2734 761 2794 ad
786 2752 1004 2815 quemcunque
1032 2731 1268 2812 peruenissent,
1300 2737 1340 2795 ab
1367 2752 1408 2798 eo

83 2828 236 2912 pecuniae
258 2836 369 2909 captae
390 2824 492 2909 repeti
514 2839 657 2908 possent.
703 2824 800 2908 (Cap.
824 2826 854 2889 Ι.
878 2837 946 2889 not.
972 2827 1024 2890 15.
1048 2826 1114 2889 ΧΙ.
1138 2839 1207 2891 not.
1231 2826 1277 2905 8.)

686 2988 808 3050 Penta.

169 3112 285 3194 „Lege
307 3110 428 3181 Pedia,
455 3130 549 3193 quam
573 3110 683 3173 consul
706 3112 774 3192 (Q.)
796 3110 921 3174 Pedius
944 3112 986 3188 (a.
1012 3130 1044 3171 u.
1070 3109 1158 3185 710.)
1180 3108 1303 3193 collega
1325 3106 1408 3171 Cae·

81 3206 161 3270 saris
177 3204 312 3279 tulerat,
337 3204 500 3279 omuibus,
519 3203 573 3287 qni
592 3203 761 3268 Caesarem
779 3216 900 3284 patrem
916 3202 1158 3278 interfecerant,
1183 3223 1264 3288 aqna
1281 3203 1408 3287 ignique

81 3301 235 3363 damnatis
257 3299 456 3362 interdictum
481 3299 583 3360 erat.''
617 3299 733 3362 Vellei.
758 3300 802 3361 ll.
828 3301 884 3373 69,
913 3300 945 3360 5.

650 3460 844 3523 PeznucsnA.

169 3580 370 3662 „Cognosce
396 3580 472 3642 alins
496 3580 715 3662 quaestiones,
749 3584 816 3641 autri
841 3579 1014 3649 Tulosaui,
1039 3578 1268 3642 coniurationis
1291 3580 1408 3661 largitr-

82 3677 201 3740 tbinae.
229 3676 352 3756 Repete
371 3674 556 3754 superiora,
583 3675 701 3737 'l‘ubuli
723 3676 760 3736 de
782 3675 913 3755 pecunia
935 3684 1026 3754 capta
1047 3676 1172 3735 obrem
1194 3672 1408 3748 iudicandam3

81 3770 282 3854 posteriora,
308 3770 349 3832 dc
364 3770 495 3831 incestu
511 3770 682 3844 rogatione
698 3769 892 3832 Peducaeo:
914 3780 977 3829 tum
994 3769 1073 3829 baec
1089 3766 1286 3850 quintidiana,
1311 3767 1406 3841 sicae,
1523 3838 1527 3849 Ι

82 3863 218 3934 veneni,
255 3865 439 3945 peculatus,
474 3875 732 3926 testamentorum
762 3863 854 3924 etiam
886 3861 955 3946 lege
987 3883 1069 3923 noua
1101 3858 1336 3943 quaestiones.’'
1370 3861 1409 3922 de

82 3963 159 4024 Nat.
186 3959 289 4021 Deor.
316 3957 381 4020 llI.
405 3957 464 4030 30,
490 3961 542 4019 il.

168 4052 250 4132 „Ob
278 4071 369 4133 quam
402 4051 622 4125 severitatem,
656 4073 721 4136 quo
751 4065 894 4130 tempore
923 4054 1007 4116 Sex.
1038 4049 1235 4113 Peducaeus
1265 4047 1408 4110 tribunus

79 4147 187 4233 plebis
210 4149 253 4225 (a.
278 4168 310 4207 ιι.
334 4147 422 4223 610.)
446 4145 627 4206 criminatus
660 4157 707 4207 est
742 4147 782 4207 L.
817 4144 983 4208 Metellum
1015 4143 1202 4205 Pontificem
1232 4140 1408 4203 lllaximum

80 4253 249 4324 tutumque
269 4239 441 4321 collegium
463 4240 645 4319 pontificum
672 4239 750 4301 male
773 4237 928 4301 iudicasse
950 4239 991 4300 de
1014 4238 1142 4299 incesto
1166 4234 1322 4316 virginum
1343 4236 1409 4299 Vc·

79 4335 224 4407 stallum,
247 4335 334 4418 quotl
351 4352 440 4395 atnam
459 4336 554 4396 niodo
571 4333 739 4396 Aemiliam
757 4337 978 4404 damnaverat,
1004 4331 1187 4392 absolverat
1201 4341 1302 4390 autem
1320 4332 1407 4407 «litas,

80 4427 241 4493 Marciam
263 4438 295 4489 et
312 4426 487 4500 Liciniam,
512 4427 651 4508 populus
673 4429 755 4489 burm
777 4429 848 4503 (1..)
872 4425 1016 4489 Cassium
1040 4421 1252 4503 (Longinum)
1274 4424 1408 4500 creauit,

79 4525 135 4607 qui
159 4524 198 4585 de
220 4521 329 4584 iisdem
356 4520 531 4604 uirginibus
554 4533 737 4603 quaereret:
770 4521 857 4600 isque
881 4530 913 4583 et
939 4534 1089 4600 utrasque
1115 4538 1167 4577 eas
1192 4525 1220 4578 et
1245 4528 1407 4596 praeterea

81 4618 266 4698 complures
296 4614 371 4679 alias
394 4618 486 4681 nimia
510 4616 618 4683 etiarn.
652 4627 685 4678 ut
711 4611 904 4677 existimatio
934 4625 998 4686 cst,
1029 4609 1198 4693 asperitate
1223 4632 1297 4674 tusus
1323 4616 1409 4676 dam·

80 4711 204 4777 navit.”
238 4711 363 4775 Ascon.
388 4712 419 4774 in
442 4712 561 4774 Milon.
592 4733 627 4792 p.
652 4710 704 4773 ts.

165 4806 261 4870 Hanc
289 4805 392 4888 legem
422 4805 541 4869 irtastrn
568 4807 701 4869 audete
726 4803 829 4886 legum
858 4822 991 4867 numero
1014 4805 1153 4871 eximere
1176 4809 1343 4874 Bobierius
1368 4810 1406 4871 ad
