3202 5318
103 280 109 290 =
216 338 261 402 28
682 396 687 404 .
805 334 958 403 INDEX

217 484 373 547 ταδικοῦν
395 490 444 543 est
465 499 519 563 ap.
543 476 682 543 Dionem
707 475 800 544 Cass.
823 498 858 560 p.
883 477 957 543 ott.
1009 477 1157 545 Glossnr.
1182 478 1261 542 Vct.
1285 484 1462 564 δικολογέω
1483 500 1545 564 pro

216 580 438 657 δικαιολογία.
494 573 616 637 Deinde
650 572 911 653 ἐδικαιώθησαν,
949 580 981 636 ct
1008 594 1067 656 per
1100 595 1151 649 se,
1186 583 1219 638 et
1250 574 1315 638 hoc
1346 595 1462 653 sensu,
1498 591 1547 643 est

80 690 85 695 ·
121 753 127 760 .
217 672 417 734 Graecorum
443 667 572 751 optimis
599 667 770 732 usitatum:
798 666 918 733 Cicero
943 677 1047 730 autem
1071 668 1176 731 addit:
1207 679 1245 730 ut
1266 667 1376 734 Siculi
1404 672 1549 757 loquun-

215 776 296 828 tur:
329 762 419 847 qtrod
439 762 558 826 indicio
581 773 648 838 est,
673 774 728 825 aut
748 764 870 838 verbo,
894 773 948 824 aut
970 782 1064 824 sensu
1087 760 1195 826 usitati
1218 774 1358 827 ceterum
1375 766 1469 829 verbi
1479 765 1550 831 inu·

215 856 312 921 sitato
343 855 474 939 reliquis
504 856 638 920 Graecis
668 878 744 920 usos
774 877 844 920 esse
879 854 1018 919 Siculos.
1075 857 1139 919 Sed
1161 856 1214 919 bic
1235 877 1343 920 sensus
1369 859 1460 922 verbi
1482 866 1549 929 ἐδι-

215 950 427 1032 mantuanae,
453 951 639 1015 auctoribus
661 950 741 1034 ipsis
764 950 868 1015 doctis
889 952 1089 1027 homiuibus,
1117 972 1181 1014 uon
1203 951 1352 1016 insolitus
1373 964 1444 1016 est:
1468 975 1549 1041 ergo

215 1047 319 1110 verbo
349 1045 501 1110 inusitato
531 1044 579 1109 usi
607 1044 670 1109 siut
698 1066 826 1109 necesse
856 1058 917 1110 est.
971 1045 1072 1130 Atqui
1100 1047 1166 1110 hoc
1187 1046 1337 1110 convenit
1358 1045 1391 1110 in
1415 1051 1549 1113 verbum

213 1141 438 1220 ddexdbnonr,
464 1162 527 1204 non
550 1140 580 1202 in
603 1142 870 1221 tdexnedbqonr)
913 1139 1030 1204 Tertio
1059 1139 1087 1204 si
1110 1141 1233 1203 variant
1259 1139 1366 1206 Codd.
1392 1144 1550 1225 probabi·

214 1234 317 1300 liusne
342 1246 409 1311 est,
433 1235 698 1315 ἐδικαιώθησαν,
722 1249 832 1300 notum
855 1235 1020 1312 omnibns,
1045 1246 1197 1299 mutatum
1221 1256 1292 1300 esse
1313 1257 1331 1300 a
1353 1236 1495 1303 librariis
1515 1239 1546 1304 in

214 1331 440 1410 ἐδικώδησαν,
465 1351 502 1392 an
525 1342 640 1394 contra
663 1329 840 1394 accidisse?
883 1328 1036 1395 Eiusdem
1060 1350 1182 1392 mecum
1204 1330 1378 1395 sententiae
1396 1331 1462 1395 ridi
1477 1355 1545 1398 esse

214 1427 376 1491 Melicum
404 1423 540 1508 Antiqn.
569 1424 655 1487 Gall.
680 1423 834 1508 Aquitan.
859 1447 893 1507 p.
923 1424 976 1486 13.
1031 1422 1169 1488 Nostris
1198 1427 1250 1489 Er
1272 1426 1318 1489 ist
1334 1423 1545 1509 justissciret

214 1519 371 1595 worden,
395 1539 432 1582 es
453 1519 499 1583 ist
520 1518 592 1582 ihm
613 1519 688 1582 sein
709 1520 817 1583 Recht
837 1516 1109 1609 wiederfislrren.
1134 1516 1287 1583 Ceterum
1309 1519 1364 1603 qrni
1382 1521 1449 1585 hoc
1469 1522 1543 1588 loco

214 1615 407 1687 abutuntur,
439 1624 473 1674 ut
495 1614 680 1688 ostendant,
710 1633 824 1695 purum
848 1634 918 1676 esse
941 1615 982 1675 ab
1009 1611 1181 1676 Ebraismo
1210 1616 1342 1677 verbum
1372 1620 1542 1694 δικαιοῦν,

214 1709 343 1791 quando
371 1701 410 1769 in'
433 1708 476 1772 N.
505 1708 548 1768 Τ.
577 1718 625 1769 est
646 1706 838 1782 weelnere,
869 1705 959 1770 nimis
982 1705 1096 1788 cupide
1118 1727 1242 1768 caricam
1266 1709 1467 1790 desperatam
1490 1713 1545 1775 de·

213 1800 360 1865 sentiunt.
405 1801 488 1865 Eun.
534 1800 825 1882 'Edsrneaibnoar]
856 1801 921 1865 Sic
940 1800 1166 1885 Hervagiana,
1201 1810 1233 1862 et
1255 1801 1393 1865 adfirmat
1415 1806 1546 1869 Lambi-

214 1916 274 1958 nus
297 1914 367 1958 esse
393 1893 423 1958 in
450 1895 575 1959 dnobus
604 1917 679 1958 mss.
709 1906 820 1978 estque
843 1897 928 1958 haud
949 1895 1094 1970 dublein
1116 1892 1236 1979 Regio.
1288 1895 1317 1957 E
1348 1892 1473 1962 Guettt.
1500 1899 1547 1964 ni·

213 1988 260 2052 hil
282 1989 423 2071 probes,
448 2009 519 2052 nam
542 1991 571 2052 in
596 2010 707 2053 eornm
731 2011 795 2054 eruo
820 1992 927 2065 deest,
952 1990 982 2052 in
999 1990 1100 2053 altero
1116 1984 1246 2051 litterae
1264 1986 1305 2051 ita
1330 1988 1434 2070 pictae
1453 2007 1543 2070 srrnt,

86 2152 89 2158 ,
207 2096 249 2147 nt
274 2083 379 2145 nullus
400 2103 475 2145 ersus
498 2082 550 2146 sit.
595 2085 658 2147 Sed
684 2083 759 2169 quid
782 2104 864 2165 opus
890 2095 938 2146 est
961 2082 1174 2147 testimoniis?
1218 2085 1356 2148 Abunde
1379 2086 1546 2165 habemus,

213 2189 249 2242 nt
271 2198 334 2269 non
361 2177 551 2263 intelligam,
580 2199 638 2240 cur
668 2176 837 2242 Ernestius
862 2176 1073 2260 patrocinium
1099 2178 1249 2262 volgatas
1278 2177 1459 2261 scripturae
1480 2187 1547 2248 ede-

156 2277 159 2283 ’
214 2273 371 2352 tubunas
389 2272 565 2353 susceperit
590 2283 621 2335 et
643 2274 772 2335 adeam
798 2271 1025 2336 defendendam
1048 2271 1220 2335 inauditum
1244 2283 1276 2335 et
1297 2273 1453 2337 abnorme
1475 2296 1547 2339 rer·

135 2374 137 2381 '
213 2369 288 2431 bum
311 2373 424 2435 δικοιῖν
448 2367 646 2450 procuderit.
672 2367 719 2431 At
734 2366 920 2449 proprium,
944 2365 1067 2450 inquit,
1092 2364 1208 2430 Siculis
1224 2365 1297 2430 luit.
1322 2365 1424 2446 Quasi
1445 2368 1546 2434 nesei-

212 2459 283 2535 ret,
308 2462 469 2526 communi
491 2462 691 2525 Graecorum
716 2481 864 2526 sermone
891 2460 1050 2524 utentibus
1076 2460 1153 2523 setis
1177 2458 1318 2524 insolens
1342 2481 1413 2524 esse
1437 2468 1544 2530 δικαι.

213 2560 337 2623 uniebat
358 2578 420 2640 pro
442 2557 643 2636 κολάζεσθαι
668 2557 721 2619 vel
744 2554 851 2638 potius
873 2558 1084 2637 ἀποκοπῆναι
1110 2555 1166 2631 τοὶς
1193 2554 1342 2637 κεφαλὰς
1365 2555 1441 2621 dici.
1486 2560 1545 2623 At·

213 2673 276 2735 que
301 2653 365 2716 hoc
387 2651 465 2715 satis
482 2672 552 2714 esse
570 2663 659 2714 recte
683 2649 742 2713 iam
766 2649 841 2714 silim
862 2653 1022 2715 Graevius
1045 2648 1251 2714 existimavit.
1295 2649 1394 2716 Ratio
1417 2650 1541 2737 quidem

214 2745 282 2810 eires
302 2745 545 2830 significationis
568 2746 662 2809 nobis
685 2745 856 2808 Germanis
879 2744 910 2807 in
932 2756 1084 2827 promptu
1108 2754 1168 2807 est.
1213 2744 1350 2808 Zunrcr.

297 2844 342 2907 El
362 2846 397 2906 dt
420 2842 483 2924 μή,
513 2840 569 2903 sin
587 2839 715 2903 minus.
760 2839 1084 2912 annet.1.to,t.

298 2938 342 3000 Εἰ
367 2936 395 2999 d’
421 2946 456 3000 ἐν
479 2939 540 3016 ain
561 2933 695 3015 ἔζησας,
723 2932 756 3001 si
778 2933 816 2998 iu
835 2945 932 2997 terra
955 2933 1095 3007 uixisti5
1124 2955 1166 2996 ex
1187 2932 1313 2996 incerto
1332 2945 1467 3000 auctore
1486 2935 1544 3000 ini-

212 3026 290 3092 tium
313 3029 506 3103 sententiae,
542 3029 630 3090 cuius
658 3027 719 3090 rim
745 3049 779 3091 se
805 3027 887 3091 scire
909 3039 1004 3113 negat
1031 3028 1215 3113 Manutius,
1241 3029 1330 3114 qnod
1343 3041 1445 3095 totam
1471 3053 1543 3096 sen·

186 3122 342 3199 ¹tentiam
369 3144 433 3186 non
458 3121 628 3204 adscripsit
655 3120 787 3187 Cicero.
812 3124 897 3186 Eun.
944 3121 1081 3204 „Video
1104 3134 1136 3185 te
1158 3122 1364 3206 ingemuisse.
1410 3124 1465 3188 Sic
1490 3126 1542 3200 lit,

212 3225 242 3283 εὶ
269 3219 297 3282 δ’
324 3227 359 3283 e'u
385 3222 445 3300 αἴᾳ
475 3217 603 3297 itunae·
629 3237 789 3302 nunqnam
815 3217 898 3281 enim
927 3217 1051 3292 dicam,
1085 3216 1128 3281 ἔα
1157 3217 1280 3293 πάσας.
1291 3216 1309 3242 ”
1360 3220 1401 3281 ad
1429 3218 1474 3301 Q.
1496 3220 1542 3284 ir.

212 3309 263 3375 ΙΙ.
288 3313 344 3385 10,
370 3311 403 3374 2.

297 3409 401 3486 Εἰδη,
420 3405 591 3498 formae,
619 3405 769 3489 species,
800 3426 882 3491 qrrae
905 3403 1075 3491 generibus
1100 3404 1323 3473 sirbiicinntur.
1377 3408 1440 3483 „In
1464 3407 1544 3474 divi·

212 3498 304 3564 sione
326 3501 452 3583 lorrnae
469 3512 560 3575 sieut,
584 3522 662 3586 quus
694 3498 812 3564 Graeci
837 3507 903 3580 εἴδη
924 3501 1047 3584 (volgo
1065 3502 1172 3581 ἰδέας)
1202 3514 1353 3566 vocantr.
1370 3503 1492 3580 nostri,
1516 3502 1543 3566 si

211 3593 362 3680 quibaec
383 3594 470 3659 forte
496 3604 651 3671 tractant,
679 3594 803 3676 species
822 3595 1001 3677 appellsut3
1025 3615 1089 3659 non
1112 3594 1248 3678 pessime
1264 3595 1295 3659 id
1317 3596 1462 3681 qrridem,
1487 3600 1542 3662 scd

209 3684 365 3755 inutiliter
389 3691 429 3752 sd
457 3690 623 3753 mutandos
648 3710 742 3752 casus
770 3689 803 3753 in
832 3688 979 3753 dicendo.
1033 3688 1141 3754 Nolim
1171 3690 1272 3766 enim,
1307 3712 1347 3753 ue
1372 3693 1399 3754 si
1423 3691 1541 3761 lactine

211 3779 339 3870 quidem
365 3780 426 3847 dici
448 3780 567 3865 possit,
599 3784 791 3866 specierum
816 3794 848 3847 et
868 3782 1044 3866 speciebus
1066 3783 1190 3860 dicere3
1213 3796 1246 3847 et
1262 3805 1357 3868 saepe
1379 3784 1430 3849 bis
1457 3786 1541 3850 casi-

209 3876 273 3941 bus
295 3877 445 3941 utendum
467 3888 533 3940 est:
561 3876 745 3969 atformis
768 3890 798 3940 et
808 3876 1023 3969 formarum
1046 3878 1153 3941 velim.
1205 3877 1287 3944 Crem
1319 3890 1422 3943 aretem
1447 3891 1541 3946 utro·

211 3992 274 4056 que
303 3974 406 4037 verbo
430 3971 511 4035 idem
538 3971 756 4057 significetur,
792 3970 1046 4036 commoditatem
1076 3970 1110 4037 in
1139 3972 1274 4038 dicendo
1303 3993 1369 4039 nott
1396 3973 1542 4040 arbitror

210 4065 472 4151 negligendam.'’
517 4067 607 4148 Top.
633 4070 671 4142 7,
703 4067 756 4128 30.
1477 4071 1482 4079 “

295 4166 444 4239 Εἵδωλα,
473 4173 631 4246 spectra,
667 4160 855 4246 imagines,⁸
892 4160 1039 4225 caterina
1066 4162 1121 4224 vel
1144 4162 1380 4239 membranae,
1418 4174 1452 4226 nt
1474 4164 1544 4228 Ln-

191 4253 329 4319 =cretits
355 4256 513 4340 appellat,
550 4277 647 4342 quae,
683 4265 718 4317 ut
741 4255 889 4338 placebat
919 4256 1083 4337 Epicuro,
1122 4259 1160 4320 de
1181 4258 1378 4340 corporibus
1400 4256 1547 4323 defluunt

211 4346 365 4414 continuo
389 4363 421 4415 et
445 4371 557 4415 seusus
578 4348 741 4414 bominum
768 4349 917 4430 pulsant:
954 4350 1015 4413 vid.
1041 4352 1176 4417 Lucret.
1198 4352 1264 4419 lv.
1293 4351 1335 4415 tt
1360 4373 1430 4434 sqq.
1455 4352 1543 4416 Enn.

211 4440 292 4521 „Fu
311 4443 393 4507 enim
420 4444 529 4512 nescio
543 4443 625 4529 nui,
649 4456 683 4507 ut
702 4441 794 4529 qnasi
815 4462 923 4508 coram
950 4445 1060 4507 adesse
1081 4443 1230 4520 videare,
1264 4467 1334 4508 cum
1354 4445 1467 4511 scribo
1488 4445 1547 4510 ali·

211 4534 289 4621 qrrid
309 4538 349 4601 ad
371 4547 422 4602 te:
453 4561 558 4626 uenire
573 4538 605 4604 id
626 4540 696 4605 κατ’
711 4537 852 4605 εἰδώλων
866 4550 1074 4621 φαντασίας,
1098 4550 1133 4601 nt
1148 4538 1257 4603 dicunt
1275 4537 1321 4603 tui
1336 4538 1428 4602 amici
1443 4539 1542 4617 nori,

211 4629 265 4715 qui
297 4640 410 4714 putant
442 4634 534 4698 etiam
568 4634 778 4715 dmvorrsaoir
818 4643 1009 4719 φαντασίας
1044 4633 1181 4715 spectris
1214 4633 1356 4700 Catianis
1393 4633 1541 4700 excitari.

211 4724 313 4801 Nam,
338 4745 377 4790 ne
392 4736 424 4789 te
437 4726 558 4810 fugiat,
583 4727 694 4794 Catius
713 4728 870 4805 Insuber,
895 4727 1095 4812 Epicureus,
1120 4727 1176 4814 qui
1192 4751 1295 4812 nuper
1310 4740 1359 4795 est
1374 4740 1539 4803 mortuns,

211 4839 293 4904 qnae
316 4818 371 4884 illc
392 4820 583 4906 Gargettius
601 4833 634 4890 st
653 4821 715 4887 iam
739 4820 1044 4899 antsDemocritus
1065 4827 1200 4902 εἴδωλα,
1233 4822 1287 4889 hic
1314 4835 1454 4910 spectro
1480 4842 1541 4889 no·
