3202 5318
134 291 196 359 us
617 256 968 357 runsxs'souss

132 429 335 499 etindicatis'
350 428 506 515 singulor.
528 424 649 513 fragm.
670 424 826 493 lontibus.
870 425 1127 493 Praelectionura
1148 425 1181 492 iu
1196 448 1285 493 usum
1299 431 1352 494 ed.
1370 426 1452 496 Car.

132 526 216 593 Zell.
240 527 272 591 d.
305 524 459 609 Friburgi
481 524 575 591 1825.

390 711 499 777 Furta
520 712 562 776 ds
579 709 768 797 plagiariis
787 715 872 799 (περὶ
895 704 1190 797 ἀνδραποδιστῶν).

217 853 356 929 ,Ande
378 850 480 917 servis
502 851 610 916 alienis
634 865 746 917 contra
770 852 875 937 legem
898 850 1037 916 Fabiam
1061 850 1211 927 retentis,
1241 863 1294 915 aut
1313 853 1351 916 de
1375 850 1455 918 civi·

132 949 192 1011 bus
207 946 361 1014 Romanis
377 959 488 1011 eontra
504 947 606 1030 legem
625 946 774 1011 Porciam
791 945 970 1009 verberatis
985 957 1039 1008 arrt
1055 945 1189 1022 necatis,
1213 945 1304 1028 plura
1323 946 1453 1010 dicenda

133 1055 222 1117 arunt,
247 1063 317 1105 erim
341 1054 428 1107 tanto
450 1039 621 1106 studioC.
643 1039 793 1106 Rabirius
817 1042 914 1104 totitrs
934 1039 1090 1124 Apuliae,
1113 1039 1266 1125 singulari
1287 1040 1453 1104 voluntate

132 1136 326 1219 Campaniae
351 1135 515 1199 vicinitatis
539 1133 721 1198 ornetur?”
753 1134 879 1240 proC.
902 1126 1099 1208 Rabiriod,
1125 1133 1157 1198 8.

113 1233 121 1245 “
216 1231 365 1315 ·„.Lege
390 1228 528 1294 raom
545 1240 686 1306 tenetur
711 1228 764 1312 qui
784 1229 884 1291 civem
905 1228 1084 1291 Romanum
1103 1228 1318 1311 eundemque,
1343 1226 1398 1311 qni
1423 1227 1452 1292 in

131 1314 223 1390 Ilalia
240 1323 466 1397 liberatnssit,
490 1322 660 1398 celaverit,
686 1321 838 1399 vinxerit,
862 1319 1240 1406 vinctumquehabuerit,
1263 1321 1452 1399 vendiderit,

135 1418 300 1487 emerit..
342 1416 491 1481 Eiusdem
518 1416 599 1499 legis
629 1413 733 1498 capite
761 1417 808 1480 ll.
839 1426 980 1492 tenetur,
1015 1414 1104 1499 quii.
1130 1415 1299 1479 ‚alienum
1326 1437 1453 1481 servum

132 1514 233 1578 invito
265 1511 395 1575 domino
425 1512 594 1586 celaverit,
631 1508 827 1583 vendiderit,
860 1509 970 1572 emerit
999 1511 1077 1573 dolo
1108 1507 1225 1571 malo.‘'
1269 1509 1434 1592 Ulpian.
1426 1532 1457 1574 ro

133 1604 222 1672 Coll.
246 1605 346 1670 xlv.
372 1607 404 1669 3.
427 1641 467 1653 -
493 1605 577 1685 „Est
595 1616 624 1666 et
639 1605 720 1667 inter
737 1604 865 1686 publica
881 1603 993 1691 iudicia
1011 1604 1062 1666 lex
1083 1603 1186 1668 Fabio
1203 1603 1244 1666 ele
1258 1604 1455 1690 plagiariis,

132 1721 213 1784 qsrae
235 1699 390 1761 interdum
414 1699 523 1780 capitis
546 1718 681 1780 poenam
705 1719 745 1761 ex
769 1697 867 1759 saeris
889 1695 1168 1762 constitutionibus
1192 1696 1335 1782 irrogat,
1360 1700 1457 1762 iuter·

131 1797 204 1859 ‹ltuu
227 1791 415 1857 leviorern.’'
459 1792 571 1857 lustin·
594 1791 751 1856 Instituit.
776 1792 840 1856 IV.
866 1792 925 1867 18,
950 1794 1003 1855 10.

218 1885 318 1953 Conl.
342 1886 475 1952 Paullus
497 1889 586 1950 Sent.
612 1887 694 1951 Ree.
718 1887 764 1948 V.
789 1885 847 1960 30,
872 1884 904 1947 6.
950 1885 1091 1950 Gravior
1115 1884 1358 1970 Orig.1nr.p.
1382 1885 1457 1951 dbl.

131 1980 217 2045 Ειιιι.
263 1979 312 2043 De
344 1992 476 2043 auctore
503 1979 584 2063 legis
612 1991 643 2042 et
674 1992 821 2060 tempore
851 1980 936 2042 hand
961 1992 1098 2044 constat.
1142 1981 1223 2044 Sunt
1250 1980 1308 2066 qrri
1338 1991 1459 2043 temere

131 2094 198 2141 esau
232 2075 325 2137 latam
355 2086 465 2157 putant
494 2095 524 2137 a.
556 2097 588 2138 u.
617 2075 692 2137 570.
722 2094 739 2134 a
770 2072 814 2155 Q.
843 2073 949 2139 Fabio
975 2074 1131 2139 Labeone
1164 2084 1195 2136 et
1228 2075 1282 2139 Μ.
1317 2071 1457 2138 Claudio

132 2167 293 2235 Marcello
315 2188 399 2239 coss.

508 2355 615 2418 Frate
639 2354 680 2418 de
702 2377 846 2420 numero
867 2366 1088 2423 sectatorum.

220 2543 235 2573 ,
247 2494 331 2577 Quid
347 2517 429 2579 opus
448 2506 512 2570 est,
538 2496 657 2580 iuquit,
681 2495 918 2560 sectatoribus?
941 2531 979 2546 -
1005 2499 1034 2560 A
1054 2518 1102 2559 me
1117 2506 1150 2560 tu
1167 2497 1196 2560 id
1212 2496 1354 2580 qsraeris,
1379 2496 1458 2582 quid

132 2613 214 2674 opus
237 2592 276 2654 ait
302 2612 359 2665 eo,
384 2613 448 2676 quo
474 2611 599 2673 semper
625 2593 674 2655 nsi
698 2590 828 2655 sumus?
858 2590 1013 2654 Homines
1035 2603 1144 2653 tenues
1170 2613 1264 2653 ιιιιιιιιι
1287 2593 1403 2652 habeut
1425 2590 1457 2654 in

132 2698 278 2769 acetrum
299 2684 441 2748 ordinem
463 2695 516 2748 aret
536 2687 741 2767 promerendi
760 2682 818 2748 aut'
832 2683 993 2749 referendi
1014 2683 1158 2747 beneficii
1176 2685 1296 2760 locum,
1321 2684 1403 2746 hanc
1425 2684 1456 2745 in

132 2779 250 2845 uostris
280 2778 485 2860 petitionibus
519 2800 649 2860 operam
685 2791 782 2864 atque
817 2779 1068 2842 assectationem.
1124 2776 1237 2863 Neque
1269 2775 1351 2841 enim
1386 2777 1458 2841 lieri

107 2884 240 2959 ‚potest
269 2893 370 2955 neque
396 2871 618 2952 postulandum
649 2884 697 2936 est
726 2872 857 2937 anobis
886 2885 938 2935 aut
965 2874 1006 2934 ab
1032 2872 1191 2955 equitibus
1218 2871 1389 2944 Romanis,
1422 2882 1457 2935 ut

131 2986 209 3031 siros
235 2963 430 3029 necessarios
459 2967 640 3032 candidatos
671 2976 834 3030 sectentur
860 2977 948 3030 totos
979 2967 1063 3029 diest
1101 2987 1117 3029 a
1146 2966 1261 3050 quibus
1287 2964 1313 3028 ai
1342 2968 1456 3028 domus

132 3072 241 3125 nostra
268 3059 466 3135 celebratur,
501 3062 527 3122 si
549 3060 702 3123 interdum
730 3063 769 3123 ad
795 3060 902 3123 forum
926 3060 1126 3136 deducimur,
1161 3060 1190 3123 si
1216 3080 1280 3122 rino
1304 3058 1455 3122 basilicae

132 3152 236 3235 spatio
261 3154 483 3229 honestamur,
506 3153 673 3238 diligenter
696 3153 863 3218 observari
888 3154 1030 3216 videmur
1053 3166 1084 3216 et
1108 3153 1190 3219 coli:
1222 3151 1403 3217 tenuiorum
1424 3163 1474 3216 et

133 3266 197 3311 non
220 3259 448 3326 occupatorum
472 3249 645 3313 amicorum
668 3259 716 3311 est
737 3249 795 3311 ista
818 3247 1000 3324 assiduitas,
1032 3269 1167 3333 quorum
1190 3246 1284 3330 copia
1306 3247 1401 3314 bonis
1424 3257 1456 3311 et

87 3336 90 3341 ’
132 3340 282 3405 beneficis
312 3342 421 3405 deesse
449 3362 512 3406 non
539 3342 635 3407 solet.
688 3341 765 3407 Noli
790 3342 888 3426 igitur
916 3342 1040 3426 eripere
1062 3343 1145 3406 buno
1174 3341 1318 3406 inferiori
1343 3340 1456 3425 generi

132 3434 294 3501 hominnm
317 3434 456 3499 fructum
480 3435 594 3510 officii,
620 3435 723 3502 Cator
758 3437 826 3500 sine
850 3455 925 3510 eos,
950 3438 1004 3519 qui
1026 3438 1130 3502 omnia
1152 3459 1170 3500 a
1192 3436 1285 3501 nobis
1309 3445 1452 3518 sperant,

132 3529 253 3593 babere
281 3527 372 3610 ipsos
401 3551 531 3614 quoque
558 3530 691 3614 aliquid,
727 3533 815 3616 quod
840 3529 933 3595 nobis
962 3531 1104 3595 tribuere
1128 3528 1264 3614 possint.
1314 3528 1351 3595 si
1380 3529 1455 3593 nihil

133 3620 195 3691 erit
220 3621 513 3706 praescriptorum
540 3625 743 3710 ssrffragium,
770 3639 863 3690 tenue
886 3639 954 3691 est:
987 3627 1031 3702 si,
1055 3639 1090 3689 ut
1114 3626 1347 3710 suffragentur,
1380 3622 1456 3688 nihil

133 3717 240 3783 valent
261 3714 378 3802 gratia.
422 3716 491 3800 lpsi
506 3718 669 3804 denique,
704 3733 739 3784 ut
763 3721 869 3786 solent
897 3720 1002 3806 loqui,
1037 3740 1101 3784 non
1127 3719 1232 3782 dicere
1258 3738 1321 3801 pro
1347 3718 1453 3795 nobis,

132 3832 196 3881 uon
217 3813 396 3895 spondere,
420 3833 485 3876 ooo
509 3834 626 3877 vocare
648 3817 774 3878 domum
795 3836 882 3879 seram
904 3825 1057 3899 possunt:
1091 3824 1186 3898 atque
1214 3812 1292 3875 haec
1319 3835 1337 3876 a
1362 3812 1455 3878 uobis

132 3917 244 3989 petunt
271 3906 393 3981 ornnia,
430 3926 533 3992 neque
560 3909 622 3971 ulla
648 3930 684 3973 re
713 3909 791 3986 alia,
822 3931 904 3996 quiae
931 3930 947 3972 a
978 3908 1071 3973 nobis
1101 3918 1361 3990 consequuntur,
1396 3904 1454 3971 nisi

132 4021 233 4084 opera
259 4021 315 4065 sua
335 4001 536 4082 compensari
562 4014 673 4086 putant
695 4025 804 4086 posse
849 4005 962 4095 ltaqrre
988 4013 1020 4067 et
1042 4003 1106 4087 legi
1127 4001 1270 4076 Fabiae,
1305 3981 1456 4087 quaeest

131 4095 173 4159 sle
200 4116 345 4160 numero
376 4106 605 4172 sectatorum,
639 4109 672 4161 et
698 4111 824 4161 senatus
853 4098 1019 4174 consulto,
1051 4099 1138 4182 quod
1168 4098 1285 4160 estL.
1314 4093 1454 4171 Caesare
1487 4091 1490 4095 ’

132 4189 263 4255 consule
285 4189 420 4266 lactum,
442 4189 640 4255 restiterunt.
685 4193 781 4257 Nulla
800 4205 848 4256 est
865 4193 947 4257 enirn
971 4212 1091 4274 poena,
1115 4211 1197 4277 qrrae
1218 4189 1323 4273 possit
1341 4186 1456 4255 obser·

134 4283 271 4347 vantiam
297 4284 477 4349 teneriorem
503 4286 628 4351 abhoc
654 4298 763 4352 vetere
786 4286 931 4352 instituto
957 4285 1134 4352 officiorum
1159 4283 1365 4350 excludere.”
1393 4304 1455 4368 pro

71 4381 82 4407 ⁸
132 4375 270 4443 Murena
293 4378 350 4455 dl,
376 4381 524 4444 70-71.
576 4435 579 4441 .

218 4475 413 4538 Seetotorea
435 4472 490 4559 qrsi
511 4474 673 4552 dieantur,
708 4478 774 4540 vid.
803 4498 857 4560 ap.
887 4475 1039 4558 Quintum
1063 4476 1211 4540 Fratrem
1238 4477 1276 4539 de
1302 4473 1456 4558 petitione

133 4565 314 4629 consulatus
337 4566 381 4647 [o.
398 4567 463 4649 9-1,
488 4568 542 4633 ubi
563 4572 603 4633 ab
623 4570 871 4636 salutatoribus
892 4580 924 4634 et
946 4569 1188 4634 deductoribus
1202 4570 1456 4654 distinguuntur.

133 4654 176 4727 Ei
196 4655 264 4730 rei,
287 4661 435 4742 quioniam
458 4665 499 4726 ad
521 4665 670 4729 ambitum
693 4665 853 4748 pertinere
880 4664 1060 4743 ridebatur,
1090 4666 1218 4729 modum
1244 4675 1386 4730 statuere
1405 4661 1455 4728 vi·

132 4770 202 4817 tuta
224 4750 511 4821 caesarianum
533 4756 612 4843 legis
635 4757 744 4825 latori.
777 4759 861 4827 Esar.
