3202 5318
451 298 603 381 tuoax
625 302 973 401 1111111111.
1311 308 1371 381 su

140 447 282 521 Aeset
302 453 423 520 libra.
466 454 643 522 Vid.Per
664 468 791 523 aeset
812 457 955 521 libram
977 468 1040 521 cet.
1124 486 1128 493 ·
1356 508 1360 517 .

141 550 399 616 Aestimatio.
442 551 474 613 A
496 551 549 615 Μ.
574 551 714 616 Laberio
738 550 779 616 C.
802 552 949 617 Albinius
974 551 1104 635 praedia
1134 551 1174 617 ia
1196 554 1376 619 aestima·

53 608 206 711 tionem
230 645 404 728 accepit.
428 647 467 707 ad
489 645 580 710 Fam.
604 647 662 722 13,
686 647 723 720 8,
749 648 782 708 2.

140 739 476 804 Aestimationem
515 741 662 804 habere
701 761 916 845 summamque
947 740 1068 805 iacere.
1090 778 1097 789 ·
1121 741 1221 807 Verr.
1252 744 1376 809 Aecus.

54 835 91 911 2,
118 834 176 907 69,
202 833 275 896 131.

141 926 387 991 Aestimatio
419 925 546 989 litium
575 946 639 992 non
667 938 716 990 est
740 927 901 994 iudicium.
939 950 1001 1014 pro
1030 927 1182 995 Cluentio
1210 932 1270 1008 11,
1303 932 1376 995 116.

54 1021 141 1087 Vide
164 1022 276 1086 Litis
298 1020 538 1085 aestimatio.
1377 1028 1385 1045 '

140 1115 294 1180 Affinis
317 1113 472 1196 culpae.
495 1136 557 1196 pro
579 1116 616 1179 S.
638 1115 761 1182 Roscio
783 1117 859 1181 Am.
884 1119 919 1194 7,
946 1118 998 1182 18.

141 1211 185 1274 A.
207 1210 246 1273 F.
271 1210 312 1273 Ρ.
335 1210 378 1273 R.
411 1209 548 1286 (actum
570 1209 653 1272 fide
676 1210 718 1275 Ρ.
743 1211 891 1274 Rutilii
915 1212 964 1274 vel
988 1213 1252 1277 antefactum
1281 1221 1379 1296 post

54 1304 244 1382 relatum)
266 1304 306 1364 de
328 1303 421 1366 Orat.
445 1303 482 1378 9,
505 1303 564 1378 19,
588 1304 663 1366 980.

141 1399 407 1482 Agnasceodo
429 1396 626 1478 rumpitur
648 1408 934 1464 testamentum.
969 1401 1008 1462 de
1031 1400 1092 1463 Or.
1117 1402 1152 1477 1,
1175 1401 1235 1478 57,
1258 1400 1334 1464 911.

142 1490 241 1575 Agri
278 1491 442 1555 deorum
471 1490 758 1556 immortalium
791 1492 824 1556 iu
852 1493 989 1558 Boeotia
1018 1514 1035 1557 a
1068 1491 1282 1579 vectigalibus
1304 1505 1378 1559 sunt

58 1586 189 1667 excepti
208 1585 281 1670 lege
303 1583 510 1649 censoria.
539 1585 578 1647 de
600 1585 645 1647 N.
668 1584 713 1649 D.
737 1585 775 1664 3,
800 1587 858 1663 19,
883 1587 937 1651 19.

147 1675 223 1744 Aio
244 1679 395 1742 factum
418 1699 516 1742 esse.
561 1678 645 1741 Vide
667 1679 755 1761 0pe
775 1678 1035 1766 consilioque
1055 1693 1136 1747 tuo.

145 1772 237 1837 Alia
265 1773 405 1836 omnia.
451 1773 614 1854 Frequens
644 1773 812 1837 Servilium
843 1787 970 1838 senatus
1004 1775 1133 1861 reliquit
1166 1786 1199 1840 et
1227 1774 1265 1839 ia
1295 1774 1379 1839 alia

56 1867 191 1932 omnia
218 1866 355 1929 transiit.
410 1867 578 1940 (Formula
606 1878 674 1929 erat
701 1868 800 1930 haec:
835 1868 910 1948 Qui
942 1870 1019 1933 hoc
1049 1870 1246 1946 censetis,
1279 1868 1379 1935 illac

54 1958 250 2025 transite:
286 1961 353 2043 qui
383 1961 465 2023 alia
493 1960 640 2035 omnia,
674 1959 710 2024 io
738 1963 1021 2045 haucpartem.
1051 1963 1270 2043 Fuscos.)-
1292 1962 1378 2028 Vide

55 2053 119 2118 ire
139 2054 179 2117 in
202 2053 279 2129 alia
302 2055 445 2119 omnia.

144 2147 237 2212 Alio
260 2148 335 2214 dic.
381 2149 465 2230 Quid
488 2149 632 2232 gravius,
669 2170 762 2233 qnam
786 2170 854 2212 rem
883 2160 1060 2233 susceptam
1089 2148 1212 2226 dirimi,
1245 2149 1274 2215 si
1298 2171 1379 2215 1111

56 2264 163 2330 augur
186 2243 282 2307 Alio
305 2244 368 2307 die
390 2242 517 2305 dixerit.
542 2245 580 2307 dc
595 2246 705 2328 Legg.
729 2245 766 2320 2,
793 2245 851 2320 19,
875 2244 929 2307 31.
951 2280 993 2291 -
1014 2243 1156 2329 Philipp.
1179 2246 1216 2324 2,
1237 2244 1297 2321 33,
1321 2244 1376 2309 88.
1460 2254 1464 2259 “

54 2336 112 2403 81.
156 2338 243 2400 Vide
266 2337 539 2403 comitiorum
562 2338 684 2403 ratio.

143 2433 358 2496 Alimenta.
381 2435 419 2493 de
444 2433 527 2512 Rep.
555 2435 590 2507 1,
616 2434 652 2506 1,
677 2434 710 2495 8.

143 2526 338 2610 Allegare
360 2525 496 2608 aliquem
520 2523 626 2587 alicui.
651 2545 713 2606 pro
735 2528 771 2591 S.
795 2525 916 2591 Roscio
938 2525 1051 2588 Amer.
1075 2525 1114 2599 9,
1138 2525 1192 2589 95.

143 2618 441 2701 Allegatinues.
487 2620 586 2681 Verr.
610 2619 730 2683 Accua.
755 2624 792 2694 1,
819 2621 952 2695 17,11.

144 2710 324 2795 Alligari
346 2714 486 2776 sacris.
511 2716 549 2774 de
571 2715 679 2797 Legg.
703 2713 737 2790 9,
760 2715 818 2789 91),
841 2715 894 2777 51.

143 2805 354 2870 Amicitia.
377 2805 502 2870 Siciliae
517 2806 662 2869 civitates
681 2807 727 2869 sic
748 2810 787 2870 in
809 2806 1026 2871 amicitiam
1048 2805 1249 2891 iidemque
1270 2826 1380 2871 rece·

54 2899 203 2982 pimus,
227 2910 261 2961 ut
282 2901 393 2963 eodem
420 2899 488 2962 iure
511 2913 634 2976 essent,
659 2922 724 2984 quo
745 2901 892 2965 fuissent.
937 2902 1037 2964 Verr.
1060 2903 1180 2964 Accus.
1201 2900 1239 2979 3,
1260 2900 1299 2976 6,
1324 2901 1380 2965 19.

143 2993 364 3074 Ampliare.
409 2995 490 3056 Eum
517 2995 637 3059 venisse
660 2996 691 3058 in
713 2994 877 3059 consilium
900 2995 1046 3078 publicae
1068 2993 1276 3080 quaestionis,
1307 3014 1379 3057 cum

56 3088 125 3152 eius
147 3088 271 3150 consilii
291 3088 386 3150 iudex
410 3110 472 3151 111
495 3105 593 3163 esset,
618 3102 649 3151 et
665 3091 695 3152 in
717 3111 756 3154 eo
772 3090 906 3153 consilio
928 3111 998 3151 cum
1014 3110 1138 3152 cansam
1156 3110 1220 3153 nou
1241 3086 1381 3152 audisset

54 3193 90 3247 11
112 3192 256 3264 potestas
282 3194 366 3244 esset
389 3183 624 3264 ampliandi,
648 3184 765 3247 dixisse
788 3185 863 3247 sibi
886 3185 1054 3269 liquere.
1078 3204 1139 3265 pro
1160 3181 1297 3248 Caecina
1321 3182 1378 3258 10,
1460 3192 1465 3201 “

55 3274 113 3341 99.
136 3306 176 3319 -
201 3275 407 3356 Ampliorc
430 3277 585 3339 lnourinem
609 3278 775 3341 nefarium.
800 3281 839 3340 ad
861 3280 943 3341 Her.
968 3279 1008 3351 1,
1032 3278 1088 3352 36,
1113 3277 1166 3341 18.

146 3369 342 3450 Amplius.
368 3370 499 3432 Glaucia
516 3373 634 3452 primus
649 3373 737 3448 tulit,
762 3383 794 3435 ut
810 3371 1245 3454 comperendinaretur
1265 3394 1377 3437 reus:

57 3471 133 3522 ante
150 3461 201 3522 ael
222 3462 395 3525 iudicari
417 3465 546 3544 primo
562 3479 707 3547 poterat,
728 3465 778 3528 vel
794 3467 960 3547 amplius
982 3468 1254 3547 pronuntiari.
1279 3468 1379 3531 Verr.

55 3556 183 3617 Arcus.
208 3556 244 3631 1,
268 3555 302 3630 9,
328 3558 379 3618 96.
404 3588 444 3601 -
468 3560 568 3620 'l'auta
591 3559 623 3620 io
646 3560 708 3621 isto
731 3559 917 3640 improbitas
940 3560 1128 3641 putabatur,
1153 3571 1187 3623 ut
1208 3562 1247 3623 de
1263 3561 1383 3624 Paito-

56 3651 156 3710 damo
186 3649 354 3729 amplius
383 3652 655 3732 pronuntiaretur.
701 3653 802 3715 Verr.
834 3656 953 3716 Accua.
986 3658 1023 3728 1,
1053 3654 1113 3728 99,
1142 3655 1196 3718 71.
1225 3689 1267 3701 -
1296 3653 1380 3719 Cum

56 3741 208 3804 consules
231 3762 268 3806 re
295 3745 398 3808 audita
421 3745 591 3827 amplius
614 3749 651 3808 de
675 3746 799 3810 consilii
824 3746 978 3810 sententia
1001 3746 1293 3830 pronuntiarissent
1313 3757 1378 3810 cet.

58 3836 159 3901 Brut.
184 3835 243 3911 99,
268 3836 321 3900 86.

145 3930 332 4011 Amplius
354 3953 401 3996 eo
423 3931 581 3996 nomine
603 3953 679 3996 oon
702 3932 797 4015 peti,
821 3933 960 3997 formula
982 3930 1207 3996 satisdatioois.
1231 3936 1269 3996 ad
1285 3934 1378 3997 Fam.

60 4023 119 4100 13,
144 4023 201 4100 98,
224 4024 256 4087 9.
279 4056 321 4069 -
344 4026 420 4089 'l'ibi
440 4047 503 4089 uon
521 4025 662 4101 solvam,
686 4026 745 4088 nisi
765 4028 855 4108 prius
875 4049 892 4090 a
914 4038 945 4090 te
966 4046 1104 4100 cavero,
1136 4027 1307 4108 amplius
1334 4046 1380 4090 eo

58 4118 440 4194 numinensiuinem,
472 4119 586 4182 cuius
609 4121 757 4201 petitio
779 4121 849 4197 sit,
881 4121 1112 4203 petiturum.
1145 4120 1240 4183 Brut.
1264 4119 1301 4193 5,
1327 4119 1380 4183 18.

58 4248 101 4261 -
122 4214 350 4295 Ampliusa
374 4212 1337 4298 1111111111ρ11ἰ111111.ρι·οΗο11.0111.19,36.

146 4307 458 4372 Animadversio
481 4319 600 4391 atquc
623 4309 849 4370 alletoritas
872 4308 1078 4371 censoria.
1113 4307 1261 4371 Maiores
1279 4304 1382 4370 nostri

56 4422 217 4484 nunquam
244 4422 347 4485 neque
370 4401 515 4464 iudicium
547 4402 748 4464 nominarunt
777 4423 880 4486 oeque
907 4403 1035 4482 perinde
1061 4414 1096 4464 ut
1123 4422 1189 4462 rem
1212 4398 1380 4463 iudicatam

57 4493 1378 4580 olssersaruutanimadversionematquealletoritatemcsnaoriam.

55 4586 380 4672 praenominat,
406 4593 463 4652 117
489 4603 519 4653 11
543 4590 615 4653 119.

60 4776 98 4837 η
143 4686 259 4839 gum
289 4694 327 4745 tu
355 4685 472 4761 dicis,
502 4706 579 4769 qua
601 4706 648 4747 ex
669 4703 789 4747 cansa
810 4680 1122 4745 vindicaveris?
1150 4703 1212 4765 pro
1240 4683 1380 4749 Mna-a

108 4820 118 4851 ,
195 4818 204 4839 .
