3202 5318
134 302 197 371 tta
617 302 769 379 INDEX
789 301 969 371 LEGUM.

136 445 316 511 maniacum
345 442 556 529 discrepantia
579 444 629 509 alii
654 446 746 509 aliam
773 445 927 509 rationem
956 442 1055 509 secuti
1083 453 1168 506 sunt.
1221 444 1395 530 Savignim
1412 426 1454 529 p.

136 540 199 625 288
220 560 271 623 sq.
295 541 383 623 quod
405 540 505 605 Gaius
524 540 622 603 habet
641 538 734 603 aeris
757 542 796 601 dc
819 538 972 602 sestertiis
985 536 1223 620 intelligendum
1240 558 1311 603 esse
1326 552 1453 603 census

134 638 192 699 sed
212 645 395 719 argumenta
420 633 535 718 quibus
554 635 637 697 hanc
660 632 845 697 sententiam
867 632 1009 695 stabilire
1023 630 1141 703 studuit
1155 630 1225 713 ipse
1247 634 1341 697 valde
1357 632 1456 697 imbe-

135 726 219 793 cillia
244 749 315 792 esse
337 726 434 805 uidit,
461 738 556 811 atque
578 729 606 791 si
627 724 883 793 consideraveris
908 746 992 809 quae
1010 724 1110 788 Gaius
1132 724 1180 791 11.
1203 732 1235 803 §.
1259 726 1334 791 225.
1364 726 1457 791 dicit:

134 825 196 907 qui
221 821 313 887 enim
336 822 430 885 verbi
454 823 575 905 gratia
594 822 776 906 quinque
799 818 960 885 milium
982 819 1102 883 aeris
1122 820 1377 901 patrimonium
1400 822 1459 883 lm·

134 918 251 991 meat,
279 928 420 1001 poterat
447 917 632 1002 quinque
659 914 852 979 hominibus
876 913 1024 995 singulis
1052 913 1239 979 milenos
1260 936 1390 978 asses
1416 916 1461 979 le·

133 1010 254 1095 gando
280 1022 392 1075 totum
416 1010 668 1093 patrimonium
695 1030 854 1092 erogare.
887 1008 952 1071 lv.
983 1013 1013 1083 §.
1048 1009 1105 1069 tt:
1144 1006 1186 1071 de
1214 1008 1317 1071 reluta
1349 1007 1461 1071 mille

133 1105 267 1179 aeris,
297 1103 471 1187 plurisoe,
504 1104 702 1187 quingentis
720 1104 872 1176 assibus,
906 1102 948 1164 de
977 1100 1169 1165 minoribus
1190 1123 1271 1165 vero
1292 1100 1459 1186 quinquo·

133 1198 236 1285 ginta
260 1198 397 1262 assibus
423 1210 638 1261 sacramento
664 1196 943 1260 contendebatur.
988 1198 1100 1261 Varro
1129 1197 1169 1259 de
1202 1198 1243 1259 1..
1271 1197 1315 1261 1..
1350 1197 1399 1261 V.
1425 1218 1458 1279 p.

135 1294 207 1360 ets.
235 1292 302 1371 (ed.
325 1292 415 1375 Syos
451 1290 494 1353 de
513 1291 595 1353 aliis
618 1292 719 1356 rebus
739 1292 875 1375 utrique
900 1291 1091 1375 quingenos
1112 1289 1233 1354 aeria
1253 1290 1303 1353 ad
1319 1300 1460 1373 pontem

134 1386 364 1471 deponebant,
387 1384 429 1447 de
450 1383 530 1447 aliis
551 1384 651 1447 rebus
671 1384 753 1447 item
773 1398 868 1449 certo
886 1386 957 1448 alio
970 1384 1126 1467 legitimo
1140 1405 1285 1447 numero
1303 1404 1457 1447 assum.

134 1478 199 1545 lx.
213 1500 247 1561 p.
262 1476 340 1541 618.
360 1480 422 1557 (ed.
436 1479 528 1559 Sp.):
549 1499 618 1561 pro
638 1479 811 1541 assibus
833 1500 1078 1563 nonnumquam
1098 1498 1168 1543 aes
1189 1478 1350 1541 dicebant
1368 1478 1458 1545 ann·

134 1572 211 1657 qui,
233 1592 258 1634 a
273 1592 343 1656 queo
362 1570 525 1647 dicimus,
550 1592 687 1635 assem
702 1585 870 1636 tenentes:
891 1577 964 1636 hoe
979 1594 1094 1647 aere,
1110 1593 1315 1657 aeneaque
1329 1572 1455 1647 libra,

133 1676 168 1731 et
193 1664 304 1729 mille
331 1666 449 1729 aeris
474 1668 658 1749 legasse.
702 1668 747 1729 Α.
773 1667 895 1731 Gellius
917 1668 999 1730 XX.
1025 1672 1061 1729 1:
1096 1667 1135 1731 Si
1161 1664 1329 1731 iniuriam
1357 1666 1458 1731 alteri

122 1758 252 1851 faxit,
277 1762 391 1826 XXV.
414 1760 531 1823 aeris
549 1781 684 1843 poenae
703 1772 823 1833 sunto,·
844 1761 922 1844 quis
940 1760 1031 1824 enim
1048 1760 1116 1825 erit
1131 1772 1204 1825 tom
1217 1760 1339 1845 inops,
1359 1782 1459 1845 quem

133 1854 178 1917 ab
198 1852 332 1917 iniuria
338 1853 517 1943 jacienda
536 1858 640 1920 XXV
643 1899 652 1917 .
675 1876 795 1918 asses
817 1855 1056 1919 deterreant&
1077 1884 1120 1899 ·-
1150 1854 1178 1919 si
1196 1857 1258 1919 hos
1275 1855 1389 1929 locos,
1411 1854 1458 1917 in·

134 1966 246 2029 quam,
275 1947 547 2023 consideraveris,
582 1960 671 2012 certo
698 1948 814 2011 certius
847 1970 916 2011 esse
947 1949 1090 2024 videtur,
1126 1947 1241 2011 Gaium
1273 1950 1312 2011 de
1339 1948 1459 2013 assibus

134 2039 269 2125 intelligi
291 2040 430 2106 volsrisse
456 2054 580 2105 centum
603 2042 687 2105 milia
711 2042 810 2116 aeris,
832 2043 1022 2123 praesertim
1043 2064 1113 2106 cum
1140 2063 1225 2105 asses
1254 2042 1364 2124 paullo
1389 2054 1459 2107 autc

134 2134 373 2201 commessorati
399 2148 521 2210 essent,
552 2136 594 2201 ita
621 2148 655 2200 ut
686 2135 714 2199 si
739 2136 907 2203 sestertios
929 2136 1066 2219 intelligi
1089 2137 1205 2211 vellet,
1237 2158 1323 2199 asses
1350 2136 1459 2209 nollet,

134 2250 172 2293 ea
199 2250 299 2306 uoce,
333 2250 416 2313 qrtae
443 2230 632 2315 plerumque
662 2232 701 2295 dc
730 2231 852 2293 assibus
881 2229 1131 2313 intelligeretur,
1167 2230 1211 2293 uti
1243 2231 1334 2295 asello
1364 2232 1459 2295 modo

133 2322 306 2409 potuisset.
354 2323 490 2387 Accedit
518 2324 613 2387 aliud.
666 2328 785 2388 Notum
815 2336 864 2387 est
896 2324 952 2409 qui
984 2336 1109 2387 centum
1135 2324 1216 2386 milia
1243 2346 1347 2389 assium
1376 2325 1459 2387 censi

135 2430 259 2495 essent,
282 2418 415 2501 primam
436 2420 568 2483 classem
590 2419 791 2501 plebeiorum
814 2440 855 2483 cx
877 2420 1031 2483 Seruiana
1050 2436 1162 2480 census
1176 2418 1300 2482 ratione
1314 2420 1458 2483 effecisse

134 2513 236 2597 iisque
257 2513 409 2576 classicis
431 2535 544 2577 nomen
569 2514 684 2587 luisse,
720 2533 775 2575 eos
800 2532 879 2577 vero
900 2511 954 2595 qui
978 2511 1076 2572 minus
1100 2523 1224 2574 centum
1248 2512 1331 2576 milia
1353 2534 1455 2577 assum

134 2607 222 2671 censi
245 2622 367 2682 essent,
394 2607 497 2698 infra
517 2610 662 2671 classem
685 2618 817 2671 vocatos
839 2627 925 2670 esse:
963 2628 995 2667 v.
1020 2606 1135 2668 Festus
1157 2628 1191 2688 p.
1214 2607 1267 2669 8¹⁴.
1291 2610 1357 2685 (ed.
1380 2609 1453 2687 L.):

134 2698 237 2790 infra
255 2704 400 2765 classem
422 2701 687 2784 significantur,
715 2702 774 2785 qui
799 2701 931 2765 minore
955 2721 1108 2774 summa,
1137 2722 1241 2783 quam
1267 2713 1404 2763 centum
1424 2713 1456 2763 et

135 2794 259 2877 viginti
280 2795 411 2857 milium
432 2796 528 2857 aeris
547 2796 640 2857 censi
663 2807 755 2857 sunt.
800 2798 843 2857 A.
870 2794 992 2857 Gellius
1015 2795 1097 2859 vll.
1120 2796 1178 2858 13:
1210 2795 1345 2857 classici
1369 2794 1456 2857 dice·

132 2888 260 2951 bantur
275 2909 343 2951 non
353 2910 491 2962 ornnes,
515 2891 574 2973 qui
589 2890 625 2950 in
639 2889 805 2952 classibus
820 2902 935 2963 erant,
958 2888 1019 2951 sed
1029 2889 1165 2970 primae
1184 2899 1319 2952 tantum
1337 2888 1456 2951 classis

134 2980 305 3049 homines:
341 2983 401 3066 qui
429 2987 467 3046 G.
497 2995 531 3045 et
561 2986 674 3047 XXV.
698 2984 795 3045 milia
817 2984 910 3045 aeris
931 2983 1119 3065 amplitude
1144 2985 1236 3047 ‹rensi
1261 2995 1375 3045 erant.
1418 2982 1456 3049 ln

135 3096 172 3139 ea
194 3096 272 3137 vero
296 3077 453 3150 oratione,
480 3098 542 3159 qua
558 3078 611 3139 Μ.
629 3076 714 3141 Cato
740 3078 844 3157 legem
871 3078 1038 3140 voconiaan
1061 3077 1171 3149 suasit,
1199 3080 1237 3141 dc
1265 3077 1406 3141 classicis
1427 3089 1458 3141 et

133 3168 218 3233 inira
242 3169 373 3233 classem
393 3192 568 3233 sermonem
590 3169 688 3232 fuisse
712 3182 845 3233 testatur
868 3170 948 3232 idem
976 3170 1116 3244 Gellius,
1141 3171 1197 3254 qui
1217 3192 1257 3233 eo
1279 3192 1373 3254 quiem
1393 3171 1457 3233 dixi

134 3262 210 3325 loco
226 3262 327 3325 addit:
350 3266 433 3325 lraec
451 3287 492 3325 eo
505 3264 652 3327 strictim
668 3264 802 3338 notaui,
827 3265 990 3347 quoniam
1004 3265 1040 3325 in
1055 3266 1111 3329 Μ.
1126 3265 1268 3329 Catonis
1288 3264 1455 3337 oratione,

134 3376 204 3439 qua
222 3356 400 3419 voconiarn
421 3360 532 3439 legem
552 3357 682 3432 suasit,
706 3359 827 3440 quaeri
848 3361 934 3420 solet
957 3357 993 3435 (i.
1018 3380 1046 3421 e.
1069 3358 1244 3435 dssbitant),
1269 3358 1353 3441 quid
1372 3360 1456 3419 clas-

134 3450 243 3524 sians,
277 3449 360 3532 quid
386 3447 488 3535 infra
514 3450 670 3513 classem.
705 3449 750 3513 cl.
775 3453 819 3515 Η.
844 3450 962 3513 Meicr.
985 3452 1106 3533 fragm.
1131 3463 1215 3515 orat.
1240 3471 1324 3514 rom.
1346 3472 1381 3531 p.
1404 3451 1454 3511 88.

135 3542 295 3607 Niebuhr.
318 3542 393 3605 hist.
415 3564 498 3607 rous.
514 3544 545 3605 8.
563 3565 596 3624 p.
616 3547 688 3607 tat.
732 3544 900 3607 Voconius
916 3544 1015 3627 igitur
1029 3566 1101 3607 cum
1117 3548 1155 3607 ad
1172 3543 1296 3606 minima
1312 3562 1453 3628 quaeque

132 3634 323 3718 patrimonia
348 3638 451 3719 legem
474 3660 560 3700 suam
584 3638 743 3720 pertinere
767 3639 882 3713 nollet,
908 3660 1059 3702 summam
1086 3639 1115 3700 in
1138 3638 1347 3701 montumentis
1371 3640 1455 3715 lega·

132 3730 217 3795 libus
246 3730 416 3814 antiquitus
446 3745 626 3814 {usurpatam
652 3745 683 3795 et
705 3733 849 3796 sollemni
875 3733 1010 3796 serviani
1035 3754 1147 3795 census
1170 3754 1231 3794 usu
1258 3731 1452 3795 nobilitatam

133 3824 294 3899 delinivit,
329 3846 426 3907 supra
454 3850 546 3909 quiam
575 3828 629 3910 qui
657 3849 769 3890 census
798 3840 895 3903 esset,
932 3828 1006 3909 lege
1036 3838 1210 3890 teneretur.
1264 3828 1345 3891 Eam
1378 3844 1452 3887 vero

134 3938 286 3982 tumtunm
308 3918 369 3983 iam
389 3930 473 3994 tram,
500 3941 570 3983 cum
592 3922 645 3985 lex
666 3920 881 4002 perferretur,
908 3920 1062 3982 minimam
1085 3922 1207 3983 Romae
1223 3918 1337 3991 luisse,
1361 3917 1454 3980 mrtlta

133 4014 267 4089 docent,
298 4012 341 4077 ita
364 4027 396 4077 ut
418 4018 457 4077 ad
479 4014 567 4079 cives
589 4015 658 4079 lere
685 4037 795 4078 ornnes
819 4016 869 4077 vcl
892 4013 1085 4077 modicarum
1111 4014 1295 4076 facultatum
1319 4013 1374 4075 lex
1401 4031 1457 4074 vo·

133 4107 225 4170 conia
250 4109 436 4190 pertineret.
479 4110 594 4173 Probo
615 4107 717 4192 igitur
738 4109 879 4190 Zssmptii
900 4108 1065 4181 iudicium,
1101 4108 1156 4191 qui
1180 4129 1212 4188 p.
1236 4108 1318 4170 184:
1355 4127 1457 4189 „pro-

132 4201 325 4285 grediente,
360 4202 480 4287 inquit,
512 4204 649 4287 quidem
675 4214 789 4273 aetate
812 4224 911 4265 nemo
937 4202 1120 4285 pecuniam
1141 4204 1262 4283 pardlo
1293 4202 1459 4263 maiorem

133 4296 268 4359 assibtss
297 4297 528 4379 computabat.
580 4301 701 4380 Itaque
726 4318 768 4359 ne
792 4296 905 4360 dicam
933 4297 974 4359 de
1003 4296 1191 4359 asconiana
1214 4298 1354 4371 notula,
1388 4294 1458 4377 ipae

133 4390 277 4453 Caesius
297 4390 334 4453 in
355 4392 484 4455 abolita
506 4391 592 4472 (ἐξῆν
606 4392 696 4453 enim
711 4391 811 4471 dicit)
832 4404 867 4453 et
887 4393 962 4473 lege
979 4402 1013 4455 et
1030 4391 1124 4453 omni
1141 4388 1251 4471 plebia
1272 4388 1459 4451 censendae

134 4481 269 4545 ratione
287 4482 407 4573 facile
435 4486 510 4551 HS.
539 4485 730 4570 intelligere
756 4496 911 4567 poterat,
945 4484 1004 4547 ubi
1033 4504 1129 4547 asses
1163 4481 1245 4545 olim
1266 4478 1458 4571 fecerant-'⁸

135 4592 312 4658 quanquam
335 4581 422 4661 qstod
445 4580 521 4642 dicit
543 4583 581 4651 de
605 4600 684 4645 voce
706 4580 778 4659 ἐξῆν
798 4580 910 4643 laisum
933 4598 1002 4641 essc
1024 4598 1118 4641 nemo
1141 4597 1204 4641 non
1229 4575 1327 4639 videt.

219 4670 283 4731 Sed
306 4692 344 4733 ne
368 4672 439 4755 quis
462 4694 639 4758 quanquam
666 4672 827 4737 intulissem
860 4672 1020 4735 heredem
1040 4692 1105 4737 nou
1134 4670 1264 4735 lecisset
1291 4668 1457 4731 maximam
