3202 5318
560 364 906 437 snsscomou.
1327 330 1389 437 soe

155 506 230 573 Fal.
249 506 314 571 20¹³
336 527 399 591 pro
415 504 571 574 Cornelio
586 510 625 573 sle
639 508 762 574 maiest.
779 510 895 593 (Hunc
908 510 1100 577 orationem
1116 511 1210 577 dixit
1226 516 1269 579 L.
1287 515 1391 580 Cotta

66 602 112 668 L.
135 598 315 687 torqueo
335 625 408 668 cos.
428 613 508 686 post
528 623 657 666 annum
677 609 769 682 aet).
883 683 887 686 Δ
1191 674 1193 678 ,

152 695 228 762 Fal.
252 697 313 761 29·
339 696 446 761 oratio
471 696 502 759 in
529 709 640 760 senatu
667 695 698 758 in
723 708 804 782 toga
823 699 915 760 ceni.
944 697 1056 780 (Haec
1080 698 1195 762 oratio
1219 698 1312 764 dicto
1336 712 1390 765 est
1476 756 1479 761 .

66 792 111 855 I..
126 810 246 859 enare
260 792 299 855 C.
314 789 436 873 ligeto
456 811 570 854 conss.
590 801 673 873 poet
692 809 823 853 artuum
842 812 947 876 quom
965 813 1032 874 pro
1047 793 1206 856 Cornelio
1218 792 1392 877 otnero.)

150 866 230 951 Uol.
250 883 313 947 38¹³
337 883 368 947 in
388 884 432 963 Q.
451 882 625 961 Caecilium
644 883 812 949 divinatio.
835 885 919 966 (Gn.
934 884 1096 966 Pompeio
1111 885 1265 968 primum
1279 898 1313 950 et
1329 889 1388 953 M.

18 978 196 1139 „Quo
220 998 294 1045 coe.
319 979 359 1044 0.
389 981 516 1044 Verres
539 975 750 1068 perfianctus
775 991 981 1063 quaestura,
1011 979 1200 1064 legatione,
1219 986 1392 1064 praetura

31 1076 66 1137 'l'
134 1074 242 1153 .cet.)
639 1138 642 1143 ,

125 1164 230 1245 ,Fet
252 1166 316 1231 lbi
344 1164 377 1229 in
398 1166 535 1228 Verrem
558 1163 615 1228 lib.
645 1165 676 1228 2.
719 1166 839 1246 (Victo
865 1167 1014 1234 Caecilio
1044 1179 1078 1232 et
1097 1169 1316 1235 accusatione
1341 1168 1390 1235 ad

64 1279 104 1324 ee
126 1259 242 1325 deltua
259 1259 398 1336 Cicero,
421 1281 500 1323 cum
520 1258 754 1344 inquisitionis
775 1271 909 1344 tempus
930 1264 1008 1342 cet.)

152 1353 180 1417 F
182 1353 227 1418 ol.
250 1354 309 1418 53⁸
333 1355 493 1418 accusatio
514 1353 546 1416 in
562 1356 700 1417 Verrem
717 1356 755 1416 de
769 1366 921 1435 praetura
935 1356 1070 1420 urbana.
1099 1357 1288 1442 (Deinceps
1304 1360 1388 1423 leaeo

65 1468 89 1511 a
155 1445 169 1463 ''
255 1468 277 1508 n
299 1448 394 1511 dicta
413 1447 475 1511 sed
495 1446 626 1529 scripta
648 1448 727 1526 cet.)
769 1447 837 1510 Das
858 1449 952 1511 Ende
975 1449 1033 1512 ist:
1055 1471 1163 1535 neque
1185 1453 1323 1517 reiecto.

91 1458 306 1705 Ἕω
330 1552 443 1605 contre
465 1542 603 1604 Verrem
627 1542 665 1603 de
689 1552 836 1623 praetura
858 1542 1014 1607 Siciliensi
1033 1555 1065 1607 et
1083 1542 1220 1626 primum
1240 1548 1279 1611 de
1293 1540 1389 1611 iurisss

64 1632 150 1699 dicti
171 1628 175 1637 ’
230 1635 362 1717 ²(Haec
375 1635 449 1700 sine
462 1634 566 1700 dubio
580 1634 628 1697 ad
640 1635 894 1699 accusationem
906 1636 1079 1721 propositi
1090 1637 1245 1702 criminis
1259 1650 1391 1723 spectat

63 1726 180 1793 amic
192 1733 278 1808 cet.)
318 1730 371 1794 Sic
387 1730 480 1794 sudet
494 1749 552 1793 so:
577 1732 732 1813 stragule
750 1730 867 1812 vestis]
890 1735 1051 1816 stragulo
1068 1733 1237 1798 vestisset
1249 1734 1390 1818 pictura
1408 1792 1411 1797 .

60 1822 220 1887 insanias
239 1845 324 1888 noue
345 1824 407 1888 sed
423 1846 484 1907 pp.

111 1917 226 1987 ,.'Von
248 1921 306 1981 der
328 1929 431 1982 ersten
455 1920 552 1982 Hand
573 1917 614 1981 ist
635 1916 738 1981 dieses
761 1920 965 2003 engehlingt:

146 2012 241 2076 Huic
255 2025 542 2097 argumentorum
558 2012 776 2096 quarundam
792 2013 990 2076 orationum
1007 2014 1175 2080 ciceronis
1187 2038 1309 2081 eorum
1323 2040 1389 2103 que

60 2105 254 2171 invenimus
280 2107 316 2170 in
343 2106 554 2172 monasterio
584 2105 656 2171 Sati
683 2106 793 2169 Galli.
831 2127 918 2189 quae
949 2108 1028 2173 licet
1051 2108 1261 2200 imperfecta
1288 2124 1322 2176 et
1350 2113 1388 2176 iu

60 2200 296 2283 compluribus
306 2202 391 2265 locis
405 2211 571 2282 corrupta
582 2222 656 2263 esse
667 2200 866 2274 videantur,
883 2220 952 2263 non
964 2192 1171 2267 mediocrem
1181 2215 1295 2267 tamen
1307 2205 1404 2270 bene'

60 2293 279 2387 euidentibus
283 2307 450 2379 poterunt
461 2295 646 2359 utilitatem
656 2291 806 2381 offerre.
828 2294 884 2358 die
895 2298 1002 2362 XXV
1009 2296 1086 2360 iulii
1097 2299 1357 2368 MacchXV
1354 2305 1385 2367 1.

60 2392 102 2456 B.
123 2388 166 2452 de
187 2376 303 2455 matlte
319 2389 506 2475 policiano.
1373 2378 1376 2386 ¹

148 2482 231 2549 Fal.
248 2484 307 2547 'll'
327 2504 391 2566 pro
414 2483 590 2547 Marcello.
634 2482 842 2562 (Marcellus
866 2483 949 2547 ciuis
969 2504 1135 2549 romanus
1154 2478 1389 2567 amplissimus

59 2587 166 2662 atque
186 2575 398 2641 clarissimus
419 2578 457 2640 in
479 2575 689 2641 dissensione
709 2577 801 2641 ciuili
810 2574 897 2666 suit
914 2598 991 2639 eune
1005 2598 1153 2660 pompeo
1167 2579 1388 2662 quemadmo-

60 2672 148 2735 dum
177 2682 211 2735 et
240 2673 360 2737 Cicero
392 2694 470 2735 cum
498 2671 614 2747 multis
641 2671 859 2735 senatoribus
892 2670 1088 2755 civibusque
1122 2671 1279 2736 romanis
1310 2673 1390 2752 cet.)

60 2767 188 2831 untes:
209 2776 250 2828 ut
270 2765 358 2830 nibil
373 2778 474 2850 peto.
498 2766 623 2828 virtute
639 2778 740 2848 poete
761 2765 820 2849 qui
840 2767 904 2829 lzoc
924 2767 1000 2829 solo
1021 2765 1156 2828 nomine
1180 2767 1299 2830 omnio
1319 2788 1387 2831 me·

60 2860 133 2924 rito
154 2859 270 2924 debuit
290 2860 454 2945 consequi
473 2871 507 2923 et
528 2860 718 2943 eloquentie
739 2859 905 2923 ciceronis
925 2880 995 2922 non
1014 2860 1236 2941 impetratum
1246 2859 1387 2951 fuisse.

147 2954 223 3019 Fal.
247 2956 308 3016 77·
333 2975 395 3036 pro
418 2956 462 3017 A.
487 2953 612 3017 Licinio
636 2953 768 3019 Archia.
814 2954 901 3034 (Hec
922 2952 1037 3017 oratio
1059 2964 1110 3016 est
1127 2955 1331 3038 principalis
1351 2956 1388 3018 in

60 3047 219 3117 tsdtciett
242 3070 368 3133 genere
393 3046 593 3112 constituta.
622 3049 659 3109 tn
688 3068 723 3109 n.
753 3046 785 3109 lr’
808 3069 915 3110 causa
934 3047 1188 3109 accusationem
1209 3051 1280 3113 sive
1299 3051 1390 3132 peti·

59 3142 194 3229 ᾱσῃ
216 3166 295 3207 cum
324 3142 527 3234 defensione
554 3142 625 3204 siae
648 3141 801 3224 aliquam
825 3141 970 3204 alterius
999 3141 1148 3204 nominis
1167 3143 1385 3224 petitionem.

60 3246 97 3302 et
114 3234 168 3303 eia
187 3237 347 3300 iudiciale
359 3236 412 3314 fit
433 3257 561 3320 genus.
585 3256 665 3297 nam
687 3256 721 3296 a.
745 3235 901 3300 Licinius
925 3235 1064 3298 asebias
1082 3247 1188 3318 poeta
1212 3239 1289 3316 cet.)
1334 3239 1387 3300 Sie

60 3332 157 3394 endet
172 3330 225 3394 Bl.
244 3332 300 3393 80b
318 3353 327 3394 ε
349 3332 446 3393 nullo
463 3331 561 3393 cuius
576 3330 686 3392 virtus
701 3329 808 3391 aliam
825 3329 1013 3392 mercedem
1028 3351 1164 3392 summo
1179 3341 1231 3392 est
1252 3328 1387 3393 ratione

59 3423 217 3487 subiecta
231 3446 319 3508 quae
338 3423 506 3501 beneflcio
526 3423 614 3506 legis
630 3423 838 3485 anctoritate
861 3423 1039 3505 municipii
1058 3435 1134 3486 arte
1152 3423 1212 3507 qui
1231 3443 1307 3486 uos:
1327 3424 1387 3508 qui

58 3529 197 3581 vestros
216 3518 442 3602 imperatores
463 3517 522 3601 qui
542 3516 663 3600 populi
683 3528 717 3579 et
739 3538 792 3578 res
815 3529 946 3579 uestras
967 3517 1126 3598 repetitio
1151 3529 1215 3580 est.

150 3612 225 3677 Fal.
252 3613 315 3675 80¹³
342 3633 403 3694 pro
434 3613 478 3675 A.
508 3608 658 3674 Cluentio
688 3611 804 3674 Avito.
848 3611 1043 3690 (Cluentius
1065 3611 1179 3672 obitus
1203 3621 1236 3673 et
1261 3611 1387 3673 statius

58 3706 174 3770 albius
194 3707 374 3789 opiniacus
397 3704 533 3768 romoni
550 3703 638 3766 cives
659 3705 759 3765 ambo
781 3726 827 3766 ex
847 3704 1032 3786 municipio
1052 3702 1387 3793 lirmatcfuerunt.)

60 3802 168 3864 Endet
184 3798 247 3864 sol.
268 3798 328 3864 92·
343 3821 350 3861 :
375 3800 491 3884 itaque
506 3798 602 3881 opud
615 3810 746 3861 ceteros
760 3798 851 3860 inter
862 3798 962 3860 nanis
977 3798 1067 3860 inter
1075 3797 1289 3880 propinquos
1306 3816 1387 3856 con-

58 3895 171 3960 tentio
184 3893 449 3957 sententiarum.
465 3892 569 3955 ceteri
583 3891 684 3955 nonis
694 3889 925 3977 affinitatibus
938 3893 1112 3955 contentio
1124 3890 1386 3954 sententiarum.

67 4043 74 4055 .
146 3987 223 4053 Fal.
246 3989 307 4051 92·
328 4008 390 4070 pro
407 3986 557 4071 Ligario.
601 3974 829 4068 (QUINTUS
846 3984 1012 4067 Ligarius
1026 3984 1109 4049 cinis
1128 4003 1292 4048 romanus
1308 4003 1388 4046 eum

59 4103 93 4166 q.
115 4081 259 4159 consido
278 4084 416 4146 consule
435 4077 618 4168 profectus
639 4080 775 4161 legatus
795 4077 832 4141 in
853 4079 1061 4163 hyspaniam
1076 4079 1112 4141 in
1133 4075 1289 4167 africam
1304 4087 1385 4141 ante

59 4175 138 4239 belli
158 4175 267 4239 ciuilis
286 4173 529 4257 principium.)
571 4173 677 4235 Endet
697 4171 758 4234 iol.
785 4156 893 4234 100οε
929 4173 1097 4235 sententia
1119 4183 1171 4234 est
1191 4193 1215 4234 a
1232 4191 1386 4253 persona

57 4270 224 4335 adversm
255 4291 336 4333 nom
362 4269 416 4331 hic
445 4269 556 4330 cicero
584 4287 671 4350 quae
694 4277 770 4328 erat
794 4286 912 4328 rerum
933 4272 1081 4349 propria
1096 4263 1196 4356 fecit
1223 4263 1320 4327 bonis
1344 4277 1385 4330 ut

57 4363 287 4449 quintilianus
308 4364 371 4428 cte.

144 4458 221 4521 Fal.
246 4459 327 4519 10012
358 4456 517 4540 beginnen
545 4452 594 4516 die
620 4454 813 4537 Fragmente
838 4453 902 4514 und
927 4451 1094 4537 Aofingc:
1135 4453 1210 4534 (pro
1241 4449 1382 4535 Milone)

55 4550 137 4615 Etsi
164 4572 284 4614 uereor
311 4550 442 4614 iudices
471 4568 513 4610 ue
542 4558 642 4629 turpe
671 4545 717 4609 sit
744 4568 812 4629 pro
840 4542 1040 4627 fortissimo
1071 4546 1145 4609 viro
1174 4546 1286 4610 dicere
1318 4559 1381 4612 cet.

54 4643 173 4709 Dicsee
196 4636 304 4707 Stiick'
318 4647 412 4709 endet
435 4642 538 4706 103²:
573 4645 652 4724 lpse
674 4640 745 4703 tria
760 4634 889 4721 predia
910 4637 977 4703 sibi
1002 4638 1161 4722 depectus
1186 4652 1238 4706 est
1264 4643 1382 4711 volun-

53 4750 129 4803 tate
156 4737 382 4804 decurionum
411 4759 452 4802 oc
483 4735 705 4820 municipium
735 4730 890 4801 amnium
921 4734 1089 4801 tantidem
1119 4734 1240 4824 quanti
1264 4734 1381 4819 fidem

56 4854 160 4904 suam
169 4830 283 4923 fecit.
859 4848 870 4861 “·
