3202 5318
536 351 687 438 INDEX
707 352 1057 429 touttuuntturt.
1391 366 1453 431 100

146 546 151 553 -
222 497 282 565 tte
302 497 481 564 absentis
503 520 638 564 nornen
660 499 898 583 recipiatur.
932 503 1033 566 Verr.
1060 501 1118 566 lib.
1142 503 1178 579 2,
1202 504 1259 582 50,
1284 507 1358 571 117.

223 594 280 658 Ne
301 595 348 657 ud
370 592 488 659 iudos
508 595 704 678 pecuniae
727 598 1050 661 decernerentur.
1083 600 1124 660 ed
1146 597 1190 678 Q.
1211 598 1256 663 ir.
1281 603 1312 664 1.
1342 622 1395 686 cp.
1420 602 1452 667 1.

137 707 169 753 ee
192 687 231 762 90
254 686 310 750 2⁶.

221 780 296 863 [Ne
318 780 513 864 auspiciis
537 784 903 865 obtemperaretur,
932 785 1247 850 nc-obnuutiare
1275 785 1454 853 concilio

136 887 201 940 rot
231 874 431 952 comitiis,
463 898 510 940 ue
538 875 619 961 legi
647 876 904 941 intercedere
926 878 1090 954 liceret3
1123 890 1164 942 ut
1191 881 1254 943 lex
1275 880 1395 943 Aelia
1416 893 1455 944 et
1488 914 1502 947 ι

136 968 257 1034 Furia
287 990 334 1033 ne
364 969 559 1033 vaierent.
604 967 709 1053 Crput
734 970 816 1056 legis
840 973 883 1036 P.
910 970 1016 1037 Clodii
1044 973 1231 1037 subditivae.
1277 975 1359 1040 Post
1385 975 1455 1039 red.

135 1063 169 1127 ie
189 1083 258 1129 sen.
282 1063 320 1140 5,
345 1065 414 1145 tu]

221 1156 496 1221 Necersitudo
518 1158 596 1220 haec
614 1168 681 1232 est,
705 1156 756 1221 eui
775 1158 861 1222 nulla
884 1158 915 1223 vi
936 1156 1043 1222 resisti
1063 1170 1185 1241 potest,
1207 1183 1272 1245 quo
1292 1162 1457 1241 emerius

136 1250 188 1327 id,
214 1252 302 1336 quod
314 1249 423 1314 iacere
437 1262 566 1334 potest,
590 1250 751 1334 perficiat3
774 1272 855 1336 quae
867 1273 969 1338 neque
984 1252 1099 1317 mutari
1113 1273 1215 1334 neque
1227 1240 1456 1340 {euriporum

138 1348 179 1409 de
200 1345 275 1409 inv.
297 1345 331 1422 2,
353 1348 393 1409 57
405 1391 414 1422 ,
438 1347 511 1409 170.
607 1352 610 1360 ’

225 1439 1456 1524 Neopetitionernneopossessionemdaho.Verr.iib.1,id,113.

225 1534 309 1598 Nec
336 1533 375 1598 vi
396 1556 466 1598 nec
496 1534 587 1597 ciam
618 1555 691 1597 nec
711 1536 899 1617 precario
921 1537 1151 1619 possidere.
1184 1558 1246 1620 pro
1269 1536 1379 1600 Tullio
1402 1537 1457 1601 11.

140 1625 216 1694 cte.
237 1626 324 1693 tuit.
346 1629 401 1693 53.
423 1650 484 1711 pro
501 1625 638 1694 Cercina
654 1628 713 1704 37,
739 1630 794 1693 97.
838 1631 991 1694 Formulr
1006 1630 1128 1716 integre
1144 1643 1192 1695 est
1208 1634 1294 1714 apud
1307 1632 1457 1696 Festum:

140 1718 330 1786 ttri'nunc
350 1722 566 1806 possidetis
588 1743 670 1786 eum
693 1722 875 1800 fundum,
899 1745 978 1806 quo
1002 1726 1048 1789 ‘de
1070 1726 1224 1809 agitur,
1258 1726 1366 1810 quod
1386 1743 1460 1787 nec

139 1814 179 1878 vi
201 1837 273 1880 nec
293 1816 388 1881 clam
412 1838 480 1880 uec
500 1817 696 1900 precario
719 1818 817 1882 alter
835 1820 880 1881 ab
896 1817 1278 1901 aiteroposeidetis,
1302 1818 1458 1900 itepos·

135 1909 316 1981 sidentis.
361 1913 565 1976 Adversus
587 1931 627 1975 ee
653 1911 729 1974 vim
752 1912 849 1976 fieri
873 1924 977 1980 veto.

221 2006 251 2069 N
261 2025 279 2068 e
301 2003 580 2069 deterioribus
602 2004 863 2091 repulsisque
885 2007 1011 2070 honos
1034 2019 1237 2091 augeatur.
1260 2008 1299 2073 de
1315 2006 1459 2087 Herusp.

134 2098 241 2182 Resp.
262 2099 321 2174 95,
345 2100 399 2163 55.
430 2099 601 2174 505195,
626 2100 680 2163 53.

222 2193 278 2256 Ne
308 2192 464 2256 iniussu
493 2191 635 2276 populi
663 2193 892 2256 iudicarent
925 2193 1051 2278 quidam
1081 2192 1199 2257 iudices
1231 2190 1378 2256 tribunos
1410 2189 1458 2273 pl.

136 2286 351 2371 appellarunt.
383 2289 422 2350 sd
443 2289 515 2352 Au.
539 2289 578 2363 1,
604 2287 662 2361 15,
687 2289 721 2350 5.
1309 2304 1311 2309 ·
1487 2278 1498 2297 ⁴

222 2379 697 2447 Neminuscivisesset.
742 2380 827 2444 Vide
850 2377 975 2444 Civis.
1273 2438 1278 2450 ,

222 2475 278 2540 Νι
299 2494 432 2539 navem
453 2476 548 2538 dure
570 2475 755 2537 debeant.
799 2474 853 2536 Ex
870 2471 1004 2537 foedere
1027 2471 1370 2538 Terrrotneuitrnorum
1388 2494 1459 2537 curn

131 2571 261 2655 populo
283 2569 444 2634 Romano.
480 2569 641 2642 Verri,
666 2569 723 2644 19,
749 2568 803 2630 50.
1449 2581 1453 2585 ’

221 2665 278 2729 Ne
305 2663 482 2728 occultis
511 2661 698 2728 consiliis
725 2682 789 2725 res
816 2661 982 2745 publica
1013 2662 1211 2726 laedatur.
1247 2663 1287 2726 de
1315 2663 1460 2746 Herusp.

135 2758 242 2843 Resp.
265 2758 324 2837 95,
349 2761 403 2823 55.

221 2853 281 2917 tte
301 2875 374 2937 per
396 2847 651 2936 optimatium
674 2848 916 2914 discordiam
940 2849 1316 2935 dissensionemque
1336 2849 1461 2933 patri·

135 2946 212 3010 bus
231 2946 566 3031 principibusque
588 2948 734 3008 credes
755 2943 1030 3028 periculaque
1052 2957 1261 3022 creentur,
1285 2942 1461 3010 auxilio·

134 3053 214 3124 que
240 3041 433 3105 deminuti
464 3039 732 3113 deficiantur,
764 3053 837 3122 qua
860 3060 900 3102 re
923 3043 968 3102 sd
996 3061 1105 3103 unum
1135 3036 1343 3123 imperium
1371 3059 1460 3120 pro·

134 3133 478 3200 vinciaeredeant
500 3132 945 3216 exercitusquepulsus
961 3134 1263 3218 deminutioque
1279 3134 1459 3197 accedat.

136 3230 178 3293 de
199 3231 344 3313 Herusp.
368 3231 470 3312 Resp.
496 3228 553 3302 19,
578 3230 629 3291 10.

222 3325 281 3388 Νι
307 3322 403 3409 quid
432 3344 496 3386 res
525 3321 688 3405 publice
710 3318 944 3386 detrimenti
965 3319 1111 3402 capiet.
1154 3321 1315 3404 Pompeio
1332 3334 1459 3386 senatus

140 3416 298 3481 commitit
322 3429 356 3481 ut
382 3417 522 3494 rideret,
555 3438 601 3479 ue
624 3416 716 3501 quid
737 3435 803 3479 res
825 3414 989 3498 publiea
1017 3415 1251 3479 detrimenti
1278 3425 1457 3499 ceperet3

136 3530 209 3596 quo
233 3531 296 3577 uno
325 3511 485 3576 remicurto
508 3511 582 3573 setis
605 3509 715 3573 armati
744 3531 871 3593 semper
898 3509 1044 3572 consules
1066 3509 1213 3585 fuerunt,
1246 3507 1339 3572 etiem
1365 3507 1459 3571 nuiiir

134 3605 234 3670 mie
261 3605 355 3671 detis.
392 3627 453 3688 pro
481 3605 557 3670 Mil.
590 3604 648 3680 95,
681 3607 733 3668 to.
767 3637 809 3650 -
845 3606 978 3668 Senatus
1004 3603 1203 3677 consulibus,
1237 3600 1456 3683 praetoribus,

134 3696 275 3765 tribunis
294 3700 341 3785 pi.
365 3711 397 3764 et
420 3699 530 3775 nobis,
554 3698 608 3783 qui
629 3717 779 3780 procoss.
804 3719 928 3773 surmus,
952 3696 1115 3781 negotium
1138 3697 1286 3768 dederat,
1311 3704 1345 3756 ut
1365 3710 1458 3754 cura·

132 3815 263 3872 remen,
284 3816 332 3860 ne
353 3793 450 3878 quid
471 3810 534 3856 ret
555 3792 715 3875 publiea
738 3790 971 3854 detrimenti
999 3801 1176 3872 cuperet.
1205 3790 1245 3852 ad
1273 3788 1365 3852 Fam.
1397 3785 1455 3860 15,

135 3890 195 3968 11,
221 3889 318 3953 3.-
340 3888 426 3952 Vide
447 3888 552 3952 Dent
575 3906 736 3969 operem
759 3894 824 3948 cet.

223 3985 280 4048 Ne
310 3981 378 4068 qui
408 3981 676 4066 magistratus
706 3978 793 4044 eine
822 3977 1125 4062 provocatione
1154 3985 1381 4039 crearetur:
1410 3971 1455 4033 Ι..
1561 4000 1565 4011 ·

134 4077 263 4143 Valerii
283 4075 388 4143 Potiti
413 4088 444 4139 et
466 4077 520 4139 M.
548 4073 676 4138 Horatii
699 4073 831 4136 Barbati
856 4073 909 4137 lex
937 4072 1053 4137 sanxit.
1091 4072 1129 4134 de
1149 4071 1235 4151 Rep.
1257 4069 1294 4144 9,
1318 4067 1376 4139 31,
1400 4065 1455 4127 51.

221 4172 294 4254 [Νι
316 4171 401 4258 quis
424 4172 471 4233 ad
495 4189 565 4233 vos
587 4166 777 4242 referret,
802 4187 848 4230 ne
871 4166 962 4251 quie
984 4168 1237 4238 decerneret,
1261 4182 1306 4225 ne
1328 4160 1457 4241 dispu·
1555 4226 1558 4235 ,

134 4278 267 4343 taret,
296 4287 342 4331 nr
364 4267 624 4348 loqueretur,
659 4281 703 4323 ne
724 4262 892 4343 pedibus
913 4261 1010 4336 iret,
1044 4280 1088 4323 ne
1110 4256 1328 4322 scribendo
1349 4254 1456 4317 odeo·

133 4374 211 4428 ret.
254 4358 378 4445 (Caput
400 4360 481 4449 legis
503 4360 545 4423 P.
569 4354 679 4421 Clodii
700 4355 906 4434 subditivae.)
948 4356 1031 4419 Post
1051 4354 1121 4416 red.
1145 4350 1177 4414 in
1200 4351 1276 4412 Seu.
1300 4349 1339 4420 1,
1362 4342 1412 4424 8.]

220 4457 280 4520 Ne
300 4456 391 4540 quis
414 4463 560 4518 emeret
581 4448 869 4531 (mancipium),
902 4447 981 4512 nisi
1007 4446 1046 4510 in
1074 4441 1275 4508 demortui
1303 4440 1453 4513 locon,

134 4548 291 4615 concitum
311 4561 359 4613 est
380 4551 420 4613 de
439 4549 495 4625 iis,
519 4546 661 4631 quicum
681 4553 840 4627 potestate
861 4554 915 4606 sut
938 4540 1099 4625 legatione
1118 4537 1150 4600 in
1164 4533 1361 4622 provinciam
1374 4552 1455 4617 pro-

135 4645 217 4710 tecti
238 4654 324 4708 sunt.
367 4642 468 4705 Vere.
492 4643 530 4717 1,
555 4641 590 4716 5,
614 4640 646 4703 9.

222 4739 283 4803 Ne
304 4736 395 4822 quis
415 4734 568 4800 iudicio
589 4729 974 4798 circumveniretur:
997 4729 1079 4792 ltruc
1102 4726 1207 4812 legem
1229 4722 1270 4791 C.
1288 4718 1453 4789 uncctm

136 4830 224 4896 tulit.
254 4852 318 4916 pro
340 4828 492 4896 Cluentio
512 4828 572 4908 55,
597 4829 672 4892 151.
