<?xml version="1.0" encoding="UTF-8"?>
<!DOCTYPE html PUBLIC "-//W3C//DTD XHTML 1.0 Transitional//EN"
    "http://www.w3.org/TR/xhtml1/DTD/xhtml1-transitional.dtd">
<html xmlns="http://www.w3.org/1999/xhtml" xml:lang="en" lang="en">
 <head>
  <title>
</title>
<meta http-equiv="Content-Type" content="text/html;charset=utf-8" />
  <meta name='ocr-system' content='tesseract 3.04.00' />
  <meta name='ocr-capabilities' content='ocr_page ocr_carea ocr_par ocr_line ocrx_word'/>
</head>
<body>
  <div class='ocr_page' id='page_1' title='image "./operaquaesupers05halmgoog/operaquaesupers05halmgoog_0128.png"; bbox 0 0 3204 5296; ppageno 0'>
   <div class='ocr_carea' id='block_1_1' title="bbox 443 284 1380 416">
    <p class='ocr_par' dir='ltr' id='par_1_1' title="bbox 443 284 1380 416">
     <span class='ocr_line' id='line_1_1' title="bbox 443 284 1380 416; baseline 0.009 -10"><span class='ocrx_word' id='word_1_1' title='bbox 443 284 452 301; x_wconf 53' lang='lat'>⁸</span> <span class='ocrx_word' id='word_1_2' title='bbox 515 342 942 416; x_wconf 74' lang='lat' dir='ltr'>naiaco-narrans.</span> <span class='ocrx_word' id='word_1_3' title='bbox 1319 350 1380 415; x_wconf 82' lang='lat' dir='ltr'>ur</span> 
     </span>
    </p>
   </div>
   <div class='ocr_carea' id='block_1_2' title="bbox 57 482 1386 765">
    <p class='ocr_par' dir='ltr' id='par_1_2' title="bbox 57 482 1386 765">
     <span class='ocr_line' id='line_1_2' title="bbox 58 482 1385 573; baseline 0.008 -30"><span class='ocrx_word' id='word_1_4' title='bbox 58 498 264 565; x_wconf 70' lang='lat' dir='ltr'>eoueqasor,</span> <span class='ocrx_word' id='word_1_5' title='bbox 301 493 360 558; x_wconf 91' lang='lat' dir='ltr'>tu,</span> <span class='ocrx_word' id='word_1_6' title='bbox 395 482 450 567; x_wconf 72' lang='lat' dir='ltr'>qui</span> <span class='ocrx_word' id='word_1_7' title='bbox 476 502 586 547; x_wconf 84' lang='lat' dir='ltr'>omnes</span> <span class='ocrx_word' id='word_1_8' title='bbox 613 485 676 549; x_wconf 93' lang='lat' dir='ltr'>isto</span> <span class='ocrx_word' id='word_1_9' title='bbox 701 487 869 570; x_wconf 79' lang='lat' dir='ltr'>eloquendi</span> <span class='ocrx_word' id='word_1_10' title='bbox 900 501 931 552; x_wconf 88' lang='lat' dir='ltr'>et</span> <span class='ocrx_word' id='word_1_11' title='bbox 957 486 1154 573; x_wconf 82' lang='lat' dir='ltr'>exprimendi</span> <span class='ocrx_word' id='word_1_12' title='bbox 1180 510 1299 573; x_wconf 77' lang='lat' dir='ltr'>genere</span> <span class='ocrx_word' id='word_1_13' title='bbox 1329 512 1385 555; x_wconf 88' lang='lat' dir='ltr'>au·</span> 
     </span>
     <span class='ocr_line' id='line_1_3' title="bbox 58 558 1386 668; baseline 0.011 -34"><span class='ocrx_word' id='word_1_14' title='bbox 58 574 195 655; x_wconf 77' lang='lat' dir='ltr'>pernati,</span> <span class='ocrx_word' id='word_1_15' title='bbox 234 595 252 640; x_wconf 93' lang='lat' dir='ltr'>a</span> <span class='ocrx_word' id='word_1_16' title='bbox 278 599 329 641; x_wconf 82' lang='lat' dir='ltr'>mr</span> <span class='ocrx_word' id='word_1_17' title='bbox 351 576 456 660; x_wconf 80' lang='lat' dir='ltr'>petis?</span> <span class='ocrx_word' id='word_1_18' title='bbox 488 558 641 642; x_wconf 82' lang='lat' dir='ltr'>Facerlem</span> <span class='ocrx_word' id='word_1_19' title='bbox 663 592 784 655; x_wconf 88' lang='lat' dir='ltr'>tamea,</span> <span class='ocrx_word' id='word_1_20' title='bbox 814 594 849 645; x_wconf 86' lang='lat' dir='ltr'>ut</span> <span class='ocrx_word' id='word_1_21' title='bbox 878 604 1028 665; x_wconf 75' lang='lat' dir='ltr'>posaemz</span> <span class='ocrx_word' id='word_1_22' title='bbox 1062 587 1134 658; x_wconf 88' lang='lat' dir='ltr'>sed,</span> <span class='ocrx_word' id='word_1_23' title='bbox 1168 585 1254 668; x_wconf 79' lang='lat' dir='ltr'>qtaod</span> <span class='ocrx_word' id='word_1_24' title='bbox 1275 595 1308 648; x_wconf 86' lang='lat' dir='ltr'>te</span> <span class='ocrx_word' id='word_1_25' title='bbox 1328 585 1386 649; x_wconf 88' lang='lat' dir='ltr'>mi-</span> 
     </span>
     <span class='ocr_line' id='line_1_4' title="bbox 57 667 1385 765; baseline 0.011 -34"><span class='ocrx_word' id='word_1_26' title='bbox 57 667 136 731; x_wconf 70' lang='lat' dir='ltr'>nine</span> <span class='ocrx_word' id='word_1_27' title='bbox 162 668 273 755; x_wconf 78' lang='lat' dir='ltr'>tregit,</span> <span class='ocrx_word' id='word_1_28' title='bbox 308 693 392 754; x_wconf 88' lang='lat' dir='ltr'>opus</span> <span class='ocrx_word' id='word_1_29' title='bbox 412 684 459 735; x_wconf 88' lang='lat' dir='ltr'>eat</span> <span class='ocrx_word' id='word_1_30' title='bbox 485 676 525 735; x_wconf 89' lang='lat' dir='ltr'>ad</span> <span class='ocrx_word' id='word_1_31' title='bbox 552 677 668 755; x_wconf 72' lang='lat' dir='ltr'>polima</span> <span class='ocrx_word' id='word_1_32' title='bbox 691 677 825 758; x_wconf 83' lang='lat' dir='ltr'>quadam</span> <span class='ocrx_word' id='word_1_33' title='bbox 849 678 942 740; x_wconf 91' lang='lat' dir='ltr'>animi</span> <span class='ocrx_word' id='word_1_34' title='bbox 967 678 1147 754; x_wconf 69' lang='lat' dir='ltr'>alacritate,</span> <span class='ocrx_word' id='word_1_35' title='bbox 1181 698 1273 763; x_wconf 77' lang='lat' dir='ltr'>qoam</span> <span class='ocrx_word' id='word_1_36' title='bbox 1291 681 1385 765; x_wconf 76' lang='lat' dir='ltr'>plane</span> 
     </span>
    </p>
   </div>
   <div class='ocr_carea' id='block_1_3' title="bbox 9 760 1386 1416">
    <p class='ocr_par' dir='ltr' id='par_1_3' title="bbox 9 760 1386 1416">
     <span class='ocr_line' id='line_1_5' title="bbox 58 760 1386 852; baseline 0.011 -29"><span class='ocrx_word' id='word_1_37' title='bbox 58 760 129 825; x_wconf 67' lang='lat' dir='ltr'>tibi</span> <span class='ocrx_word' id='word_1_38' title='bbox 153 774 308 847; x_wconf 87' lang='lat' dir='ltr'>tempora</span> <span class='ocrx_word' id='word_1_39' title='bbox 325 766 504 848; x_wconf 84' lang='lat' dir='ltr'>eripiunt.”</span> <span class='ocrx_word' id='word_1_40' title='bbox 547 770 588 830; x_wconf 89' lang='lat' dir='ltr'>ad</span> <span class='ocrx_word' id='word_1_41' title='bbox 609 768 654 847; x_wconf 81' lang='lat' dir='ltr'>Q.</span> <span class='ocrx_word' id='word_1_42' title='bbox 674 768 720 833; x_wconf 85' lang='lat' dir='ltr'>lr.</span> <span class='ocrx_word' id='word_1_43' title='bbox 742 770 808 833; x_wconf 89' lang='lat' dir='ltr'>lll.</span> <span class='ocrx_word' id='word_1_44' title='bbox 832 772 871 845; x_wconf 82' lang='lat'>6,</span> <span class='ocrx_word' id='word_1_45' title='bbox 899 773 931 834; x_wconf 82' lang='lat' dir='ltr'>d.</span> <span class='ocrx_word' id='word_1_46' title='bbox 953 805 996 819; x_wconf 94' lang='lat'>-</span> <span class='ocrx_word' id='word_1_47' title='bbox 1041 771 1194 852; x_wconf 86' lang='lat' dir='ltr'>„Etenim</span> <span class='ocrx_word' id='word_1_48' title='bbox 1218 775 1297 837; x_wconf 87' lang='lat' dir='ltr'>baec</span> <span class='ocrx_word' id='word_1_49' title='bbox 1317 784 1386 838; x_wconf 87' lang='lat' dir='ltr'>erat</span> 
     </span>
     <span class='ocr_line' id='line_1_6' title="bbox 56 858 1384 945; baseline 0.008 -24"><span class='ocrx_word' id='word_1_50' title='bbox 56 858 235 935; x_wconf 62' lang='lat' dir='ltr'>dadbears,</span> <span class='ocrx_word' id='word_1_51' title='bbox 263 862 304 924; x_wconf 91' lang='lat' dir='ltr'>de</span> <span class='ocrx_word' id='word_1_52' title='bbox 329 860 487 943; x_wconf 81' lang='lat' dir='ltr'>gravitate</span> <span class='ocrx_word' id='word_1_53' title='bbox 510 860 652 933; x_wconf 86' lang='lat' dir='ltr'>ordinis,</span> <span class='ocrx_word' id='word_1_54' title='bbox 677 865 715 925; x_wconf 85' lang='lat' dir='ltr'>dc</span> <span class='ocrx_word' id='word_1_55' title='bbox 736 867 876 945; x_wconf 85' lang='lat' dir='ltr'>equestri</span> <span class='ocrx_word' id='word_1_56' title='bbox 898 867 1089 940; x_wconf 88' lang='lat' dir='ltr'>concordia,</span> <span class='ocrx_word' id='word_1_57' title='bbox 1114 867 1153 930; x_wconf 90' lang='lat' dir='ltr'>de</span> <span class='ocrx_word' id='word_1_58' title='bbox 1175 868 1384 932; x_wconf 79' lang='lat' dir='ltr'>consensione</span> 
     </span>
     <span class='ocr_line' id='line_1_7' title="bbox 9 951 1384 1040; baseline 0.007 -23"><span class='ocrx_word' id='word_1_59' title='bbox 9 1012 11 1017; x_wconf 91' lang='lat'><em>.</em></span> <span class='ocrx_word' id='word_1_60' title='bbox 59 951 188 1027; x_wconf 78' lang='lat' dir='ltr'>haliae,</span> <span class='ocrx_word' id='word_1_61' title='bbox 227 956 269 1017; x_wconf 82' lang='lat' dir='ltr'>dr</span> <span class='ocrx_word' id='word_1_62' title='bbox 297 953 514 1019; x_wconf 70' lang='lat' dir='ltr'>intermortuis</span> <span class='ocrx_word' id='word_1_63' title='bbox 539 955 682 1040; x_wconf 83' lang='lat' dir='ltr'>reliquiis</span> <span class='ocrx_word' id='word_1_64' title='bbox 713 958 960 1035; x_wconf 86' lang='lat' dir='ltr'>coniurationis,</span> <span class='ocrx_word' id='word_1_65' title='bbox 988 963 1036 1023; x_wconf 75' lang='lat' dir='ltr'>cr</span> <span class='ocrx_word' id='word_1_66' title='bbox 1066 959 1203 1036; x_wconf 83' lang='lat' dir='ltr'>vilitate,</span> <span class='ocrx_word' id='word_1_67' title='bbox 1241 964 1280 1025; x_wconf 83' lang='lat' dir='ltr'>dc</span> <span class='ocrx_word' id='word_1_68' title='bbox 1304 962 1384 1027; x_wconf 87' lang='lat' dir='ltr'>otio.</span> 
     </span>
     <span class='ocr_line' id='line_1_8' title="bbox 57 1044 1385 1129; baseline 0.008 -20"><span class='ocrx_word' id='word_1_69' title='bbox 57 1044 152 1109; x_wconf 77' lang='lat' dir='ltr'>unsri</span> <span class='ocrx_word' id='word_1_70' title='bbox 188 1046 254 1111; x_wconf 88' lang='lat' dir='ltr'>iam</span> <span class='ocrx_word' id='word_1_71' title='bbox 289 1046 320 1111; x_wconf 89' lang='lat' dir='ltr'>in</span> <span class='ocrx_word' id='word_1_72' title='bbox 351 1052 410 1112; x_wconf 85' lang='lat' dir='ltr'>laac</span> <span class='ocrx_word' id='word_1_73' title='bbox 439 1050 568 1114; x_wconf 89' lang='lat' dir='ltr'>materia</span> <span class='ocrx_word' id='word_1_74' title='bbox 598 1051 720 1114; x_wconf 87' lang='lat' dir='ltr'>sonitus</span> <span class='ocrx_word' id='word_1_75' title='bbox 751 1053 923 1117; x_wconf 84' lang='lat' dir='ltr'>nostros.&#39;’</span> <span class='ocrx_word' id='word_1_76' title='bbox 977 1057 1016 1116; x_wconf 87' lang='lat' dir='ltr'>ad</span> <span class='ocrx_word' id='word_1_77' title='bbox 1043 1058 1113 1118; x_wconf 84' lang='lat' dir='ltr'>Att.</span> <span class='ocrx_word' id='word_1_78' title='bbox 1137 1056 1167 1119; x_wconf 88' lang='lat' dir='ltr'>l.</span> <span class='ocrx_word' id='word_1_79' title='bbox 1193 1057 1249 1129; x_wconf 84' lang='lat' dir='ltr'>tt,</span> <span class='ocrx_word' id='word_1_80' title='bbox 1289 1058 1321 1120; x_wconf 80' lang='lat' dir='ltr'>d.</span> <span class='ocrx_word' id='word_1_81' title='bbox 1344 1090 1385 1105; x_wconf 90' lang='lat'>-·</span> 
     </span>
     <span class='ocr_line' id='line_1_9' title="bbox 56 1140 1386 1230; baseline 0.011 -31"><span class='ocrx_word' id='word_1_82' title='bbox 56 1140 143 1220; x_wconf 68' lang='lat' dir='ltr'>„sea</span> <span class='ocrx_word' id='word_1_83' title='bbox 165 1151 276 1205; x_wconf 86' lang='lat' dir='ltr'>tamen</span> <span class='ocrx_word' id='word_1_84' title='bbox 301 1144 415 1206; x_wconf 91' lang='lat' dir='ltr'>modici</span> <span class='ocrx_word' id='word_1_85' title='bbox 432 1144 548 1209; x_wconf 78' lang='lat' dir='ltr'>brimus</span> <span class='ocrx_word' id='word_1_86' title='bbox 570 1148 739 1220; x_wconf 67' lang='grc' dir='ltr'>ὑποθέσει,</span> <span class='ocrx_word' id='word_1_87' title='bbox 764 1159 800 1209; x_wconf 92' lang='lat' dir='ltr'>ut</span> <span class='ocrx_word' id='word_1_88' title='bbox 821 1146 971 1230; x_wconf 83' lang='lat' dir='ltr'>scripsi.&#39;&#39;</span> <span class='ocrx_word' id='word_1_89' title='bbox 992 1149 1032 1210; x_wconf 87' lang='lat' dir='ltr'>ad</span> <span class='ocrx_word' id='word_1_90' title='bbox 1053 1148 1124 1212; x_wconf 90' lang='lat' dir='ltr'>Att.</span> <span class='ocrx_word' id='word_1_91' title='bbox 1150 1150 1214 1214; x_wconf 89' lang='lat' dir='ltr'>lV.</span> <span class='ocrx_word' id='word_1_92' title='bbox 1239 1152 1272 1223; x_wconf 81' lang='lat'>5,</span> <span class='ocrx_word' id='word_1_93' title='bbox 1296 1152 1328 1213; x_wconf 76' lang='grc'>9.</span> <span class='ocrx_word' id='word_1_94' title='bbox 1344 1184 1386 1197; x_wconf 94' lang='grc'><strong>-</strong></span> 
     </span>
     <span class='ocr_line' id='line_1_10' title="bbox 56 1233 1386 1323; baseline 0.009 -26"><span class='ocrx_word' id='word_1_95' title='bbox 56 1233 121 1313; x_wconf 78' lang='lat' dir='ltr'>„ld</span> <span class='ocrx_word' id='word_1_96' title='bbox 143 1235 232 1299; x_wconf 88' lang='lat' dir='ltr'>enim</span> <span class='ocrx_word' id='word_1_97' title='bbox 256 1237 358 1321; x_wconf 86' lang='lat' dir='ltr'>ipsum</span> <span class='ocrx_word' id='word_1_98' title='bbox 381 1251 545 1319; x_wconf 86' lang='lat' dir='ltr'>putaram,</span> <span class='ocrx_word' id='word_1_99' title='bbox 569 1242 655 1323; x_wconf 81' lang='lat' dir='ltr'>qtaod</span> <span class='ocrx_word' id='word_1_100' title='bbox 677 1239 809 1315; x_wconf 76' lang='lat' dir='ltr'>acribia,</span> <span class='ocrx_word' id='word_1_101' title='bbox 833 1252 887 1318; x_wconf 90' lang='lat' dir='ltr'>ut,</span> <span class='ocrx_word' id='word_1_102' title='bbox 909 1262 979 1304; x_wconf 89' lang='lat' dir='ltr'>cum</span> <span class='ocrx_word' id='word_1_103' title='bbox 1001 1242 1160 1321; x_wconf 71' lang='lat' dir='ltr'>ingenium</span> <span class='ocrx_word' id='word_1_104' title='bbox 1176 1244 1267 1307; x_wconf 89' lang='lat' dir='ltr'>amici</span> <span class='ocrx_word' id='word_1_105' title='bbox 1283 1242 1386 1309; x_wconf 78' lang='lat' dir='ltr'>nostri</span> 
     </span>
     <span class='ocr_line' id='line_1_11' title="bbox 55 1328 1384 1416; baseline 0.011 -26"><span class='ocrx_word' id='word_1_106' title='bbox 55 1328 276 1409; x_wconf 81' lang='lat' dir='ltr'>probaretur,</span> <span class='ocrx_word' id='word_1_107' title='bbox 311 1332 468 1409; x_wconf 66' lang='grc' dir='ltr'>ὑπόθεσις</span> <span class='ocrx_word' id='word_1_108' title='bbox 495 1333 695 1416; x_wconf 82' lang='lat' dir='ltr'>vituperandi</span> <span class='ocrx_word' id='word_1_109' title='bbox 724 1332 858 1399; x_wconf 88' lang='lat' dir='ltr'>Catonis</span> <span class='ocrx_word' id='word_1_110' title='bbox 887 1333 1116 1399; x_wconf 86' lang='lat' dir='ltr'>irrideretur.”</span> <span class='ocrx_word' id='word_1_111' title='bbox 1145 1337 1184 1400; x_wconf 90' lang='lat' dir='ltr'>ad</span> <span class='ocrx_word' id='word_1_112' title='bbox 1207 1340 1279 1402; x_wconf 86' lang='lat' dir='ltr'>Att.</span> <span class='ocrx_word' id='word_1_113' title='bbox 1299 1338 1384 1405; x_wconf 83' lang='grc' dir='ltr'><strong>ΧΙΙ.</strong></span> 
     </span>
    </p>
   </div>
   <div class='ocr_carea' id='block_1_4' title="bbox 9 1422 1385 1606">
    <p class='ocr_par' dir='ltr' id='par_1_4' title="bbox 9 1422 1385 1606">
     <span class='ocr_line' id='line_1_12' title="bbox 55 1422 1193 1504; baseline 0.008 -19"><span class='ocrx_word' id='word_1_114' title='bbox 55 1422 113 1497; x_wconf 75' lang='grc'>15,</span> <span class='ocrx_word' id='word_1_115' title='bbox 137 1422 172 1486; x_wconf 78' lang='lat' dir='ltr'>d.</span> <span class='ocrx_word' id='word_1_116' title='bbox 200 1460 243 1473; x_wconf 92' lang='lat'>-</span> <span class='ocrx_word' id='word_1_117' title='bbox 288 1428 626 1502; x_wconf 64' lang='lat' dir='ltr'>staturum,</span> <span class='ocrx_word' id='word_1_118' title='bbox 653 1432 749 1491; x_wconf 85' lang='lat' dir='ltr'>t.-</span> <span class='ocrx_word' id='word_1_119' title='bbox 792 1429 1128 1504; x_wconf 66' lang='lat' dir='ltr'>subruimus,</span> <span class='ocrx_word' id='word_1_120' title='bbox 1161 1430 1193 1494; x_wconf 80' lang='lat'>2.</span> 
     </span>
     <span class='ocr_line' id='line_1_13' title="bbox 9 1518 1385 1606; baseline 0.006 -25"><span class='ocrx_word' id='word_1_121' title='bbox 9 1594 12 1603; x_wconf 37' lang='grc' dir='ltr'>Ι</span> <span class='ocrx_word' id='word_1_122' title='bbox 131 1518 335 1596; x_wconf 55' lang='lat' dir='ltr'>‘Padusam</span> <span class='ocrx_word' id='word_1_123' title='bbox 368 1522 525 1606; x_wconf 80' lang='lat' dir='ltr'>quaestio</span> <span class='ocrx_word' id='word_1_124' title='bbox 557 1521 721 1600; x_wconf 64' lang='lat' dir='ltr'>definita,</span> <span class='ocrx_word' id='word_1_125' title='bbox 755 1544 874 1586; x_wconf 76' lang='lat' dir='ltr'>emma.</span> <span class='ocrx_word' id='word_1_126' title='bbox 928 1524 1183 1604; x_wconf 77' lang='lat' dir='ltr'>„Quaestionum</span> <span class='ocrx_word' id='word_1_127' title='bbox 1218 1526 1283 1587; x_wconf 92' lang='lat' dir='ltr'>duo</span> <span class='ocrx_word' id='word_1_128' title='bbox 1311 1536 1385 1589; x_wconf 85' lang='lat' dir='ltr'>attat</span> 
     </span>
    </p>
   </div>
   <div class='ocr_carea' id='block_1_5' title="bbox 54 1614 1519 1702">
    <p class='ocr_par' dir='ltr' id='par_1_5' title="bbox 54 1614 1519 1702">
     <span class='ocr_line' id='line_1_14' title="bbox 54 1614 1519 1702; baseline 0.008 -30"><span class='ocrx_word' id='word_1_129' title='bbox 54 1630 203 1693; x_wconf 63' lang='lat' dir='ltr'>mem</span> <span class='ocrx_word' id='word_1_130' title='bbox 233 1616 369 1677; x_wconf 89' lang='lat' dir='ltr'>alterum</span> <span class='ocrx_word' id='word_1_131' title='bbox 398 1614 569 1690; x_wconf 86' lang='lat' dir='ltr'>iutloitum,</span> <span class='ocrx_word' id='word_1_132' title='bbox 605 1616 766 1680; x_wconf 84' lang='lat' dir='ltr'>delinitum</span> <span class='ocrx_word' id='word_1_133' title='bbox 795 1617 941 1683; x_wconf 88' lang='lat' dir='ltr'>alterum.</span> <span class='ocrx_word' id='word_1_134' title='bbox 994 1617 1167 1683; x_wconf 86' lang='lat' dir='ltr'>Dellnitum</span> <span class='ocrx_word' id='word_1_135' title='bbox 1200 1630 1264 1694; x_wconf 84' lang='lat' dir='ltr'>rat,</span> <span class='ocrx_word' id='word_1_136' title='bbox 1298 1620 1385 1702; x_wconf 81' lang='lat' dir='ltr'>qitod</span> <span class='ocrx_word' id='word_1_137' title='bbox 1516 1658 1519 1669; x_wconf 93' lang='lat'>·</span> 
     </span>
    </p>
   </div>
   <div class='ocr_carea' id='block_1_6' title="bbox 11 1704 1385 4899">
    <p class='ocr_par' dir='ltr' id='par_1_6' title="bbox 51 1704 1385 2076">
     <span class='ocr_line' id='line_1_15' title="bbox 52 1704 1381 1796; baseline 0.006 -26"><span class='ocrx_word' id='word_1_138' title='bbox 52 1704 219 1773; x_wconf 67' lang='grc' dir='ltr'>ι’·πῶεσιιι</span> <span class='ocrx_word' id='word_1_139' title='bbox 244 1709 383 1784; x_wconf 84' lang='lat' dir='ltr'>Graeci,</span> <span class='ocrx_word' id='word_1_140' title='bbox 419 1732 478 1773; x_wconf 80' lang='lat' dir='ltr'>aios</span> <span class='ocrx_word' id='word_1_141' title='bbox 498 1732 654 1774; x_wconf 83' lang='lat' dir='ltr'>eausam:</span> <span class='ocrx_word' id='word_1_142' title='bbox 690 1711 860 1787; x_wconf 76' lang='lat' dir='ltr'>infinitum,</span> <span class='ocrx_word' id='word_1_143' title='bbox 896 1715 981 1795; x_wconf 83' lang='lat' dir='ltr'>quod</span> <span class='ocrx_word' id='word_1_144' title='bbox 1010 1721 1103 1779; x_wconf 65' lang='grc' dir='ltr'>θέσιν</span> <span class='ocrx_word' id='word_1_145' title='bbox 1125 1712 1170 1777; x_wconf 90' lang='lat' dir='ltr'>illi</span> <span class='ocrx_word' id='word_1_146' title='bbox 1196 1714 1381 1796; x_wconf 88' lang='lat' dir='ltr'>appellant,</span> 
     </span>
     <span class='ocr_line' id='line_1_16' title="bbox 51 1804 1381 1890; baseline 0.005 -25"><span class='ocrx_word' id='word_1_147' title='bbox 51 1820 112 1865; x_wconf 83' lang='lat' dir='ltr'>nos</span> <span class='ocrx_word' id='word_1_148' title='bbox 135 1805 367 1887; x_wconf 81' lang='lat' dir='ltr'>propositum</span> <span class='ocrx_word' id='word_1_149' title='bbox 396 1825 564 1886; x_wconf 88' lang='lat' dir='ltr'>possumus</span> <span class='ocrx_word' id='word_1_150' title='bbox 591 1804 769 1870; x_wconf 89' lang='lat' dir='ltr'>nominare.</span> <span class='ocrx_word' id='word_1_151' title='bbox 821 1804 926 1871; x_wconf 86' lang='lat' dir='ltr'>Causa</span> <span class='ocrx_word' id='word_1_152' title='bbox 952 1808 1047 1871; x_wconf 86' lang='lat' dir='ltr'>certis</span> <span class='ocrx_word' id='word_1_153' title='bbox 1076 1808 1245 1890; x_wconf 87' lang='lat' dir='ltr'>personis,</span> <span class='ocrx_word' id='word_1_154' title='bbox 1281 1808 1381 1884; x_wconf 85' lang='lat' dir='ltr'>loeis,</span> 
     </span>
     <span class='ocr_line' id='line_1_17' title="bbox 52 1896 1385 1987; baseline 0.009 -31"><span class='ocrx_word' id='word_1_155' title='bbox 52 1896 279 1976; x_wconf 74' lang='lat' dir='ltr'>tenporibus,</span> <span class='ocrx_word' id='word_1_156' title='bbox 312 1899 511 1974; x_wconf 87' lang='lat' dir='ltr'>actionibus,</span> <span class='ocrx_word' id='word_1_157' title='bbox 543 1899 683 1981; x_wconf 78' lang='lat' dir='ltr'>negotiis</span> <span class='ocrx_word' id='word_1_158' title='bbox 704 1899 863 1976; x_wconf 85' lang='lat' dir='ltr'>cernitur,</span> <span class='ocrx_word' id='word_1_159' title='bbox 898 1902 997 1966; x_wconf 85' lang='lat' dir='ltr'>autin</span> <span class='ocrx_word' id='word_1_160' title='bbox 1021 1902 1167 1967; x_wconf 79' lang='lat' dir='ltr'>omnibus</span> <span class='ocrx_word' id='word_1_161' title='bbox 1189 1913 1243 1967; x_wconf 88' lang='lat' dir='ltr'>aut</span> <span class='ocrx_word' id='word_1_162' title='bbox 1263 1903 1295 1967; x_wconf 90' lang='lat' dir='ltr'>in</span> <span class='ocrx_word' id='word_1_163' title='bbox 1317 1904 1385 1987; x_wconf 85' lang='lat' dir='ltr'>ple-</span> 
     </span>
     <span class='ocr_line' id='line_1_18' title="bbox 53 1988 641 2076; baseline 0.012 -26"><span class='ocrx_word' id='word_1_164' title='bbox 53 1988 164 2075; x_wconf 77' lang='lat' dir='ltr'>r‘uqaae</span> <span class='ocrx_word' id='word_1_165' title='bbox 189 1992 347 2056; x_wconf 86' lang='lat' dir='ltr'>eorum.”</span> <span class='ocrx_word' id='word_1_166' title='bbox 392 1997 479 2076; x_wconf 84' lang='lat' dir='ltr'>Top.</span> <span class='ocrx_word' id='word_1_167' title='bbox 503 1993 564 2068; x_wconf 70' lang='grc'>91,</span> <span class='ocrx_word' id='word_1_168' title='bbox 590 1998 641 2057; x_wconf 79' lang='lat' dir='ltr'>lli.</span> 
     </span>
    </p>

    <p class='ocr_par' dir='ltr' id='par_1_7' title="bbox 55 2086 1383 2267">
     <span class='ocr_line' id='line_1_19' title="bbox 130 2086 1383 2176; baseline 0.005 -23"><span class='ocrx_word' id='word_1_169' title='bbox 130 2086 347 2167; x_wconf 65' lang='grc' dir='ltr'>Ὑποθῆκαι,</span> <span class='ocrx_word' id='word_1_170' title='bbox 378 2100 578 2171; x_wconf 80' lang='lat' dir='ltr'>praecepto,</span> <span class='ocrx_word' id='word_1_171' title='bbox 606 2090 775 2153; x_wconf 72' lang='lat' dir='ltr'>monum·</span> <span class='ocrx_word' id='word_1_172' title='bbox 804 2092 883 2171; x_wconf 85' lang='lat' dir='ltr'>„Ad</span> <span class='ocrx_word' id='word_1_173' title='bbox 905 2111 953 2153; x_wconf 94' lang='lat' dir='ltr'>me</span> <span class='ocrx_word' id='word_1_174' title='bbox 977 2093 1017 2154; x_wconf 88' lang='lat' dir='ltr'>ab</span> <span class='ocrx_word' id='word_1_175' title='bbox 1037 2111 1078 2154; x_wconf 94' lang='lat' dir='ltr'>eo</span> <span class='ocrx_word' id='word_1_176' title='bbox 1100 2092 1191 2176; x_wconf 80' lang='lat' dir='ltr'>quart</span> <span class='ocrx_word' id='word_1_177' title='bbox 1215 2093 1383 2173; x_wconf 66' lang='lat' dir='ltr'>inebrians</span> 
     </span>
     <span class='ocr_line' id='line_1_20' title="bbox 55 2178 1129 2267; baseline 0.005 -22"><span class='ocrx_word' id='word_1_178' title='bbox 55 2178 200 2255; x_wconf 69' lang='lat' dir='ltr'>aflues,</span> <span class='ocrx_word' id='word_1_179' title='bbox 226 2184 489 2265; x_wconf 77' lang='lat' dir='ltr'>quemadmodum</span> <span class='ocrx_word' id='word_1_180' title='bbox 513 2204 562 2245; x_wconf 81' lang='lat' dir='ltr'>nte</span> <span class='ocrx_word' id='word_1_181' title='bbox 585 2184 735 2267; x_wconf 81' lang='lat' dir='ltr'>geram.”</span> <span class='ocrx_word' id='word_1_182' title='bbox 779 2187 818 2247; x_wconf 87' lang='lat' dir='ltr'>ad</span> <span class='ocrx_word' id='word_1_183' title='bbox 842 2187 911 2249; x_wconf 89' lang='lat' dir='ltr'>Att.</span> <span class='ocrx_word' id='word_1_184' title='bbox 936 2186 982 2252; x_wconf 86' lang='lat' dir='ltr'>ll.</span> <span class='ocrx_word' id='word_1_185' title='bbox 1008 2190 1067 2261; x_wconf 86' lang='grc'>17,</span> <span class='ocrx_word' id='word_1_186' title='bbox 1099 2186 1129 2250; x_wconf 84' lang='grc'>3.</span> 
     </span>
    </p>

    <p class='ocr_par' dir='ltr' id='par_1_8' title="bbox 55 2274 1384 2815">
     <span class='ocr_line' id='line_1_21' title="bbox 129 2274 1384 2364; baseline 0.006 -23"><span class='ocrx_word' id='word_1_187' title='bbox 129 2274 346 2355; x_wconf 62' lang='grc' dir='ltr'>Ὑποθῆκαι,</span> <span class='ocrx_word' id='word_1_188' title='bbox 367 2277 537 2360; x_wconf 85' lang='lat' dir='ltr'>pignora,</span> <span class='ocrx_word' id='word_1_189' title='bbox 566 2280 790 2364; x_wconf 76' lang='lat' dir='ltr'>hypothecae.</span> <span class='ocrx_word' id='word_1_190' title='bbox 842 2280 1028 2360; x_wconf 83' lang='lat' dir='ltr'>„Philocles</span> <span class='ocrx_word' id='word_1_191' title='bbox 1051 2280 1283 2363; x_wconf 83' lang='lat' dir='ltr'>Alabandensis</span> <span class='ocrx_word' id='word_1_192' title='bbox 1304 2283 1384 2347; x_wconf 81' lang='lat' dir='ltr'>daa-</span> 
     </span>
     <span class='ocr_line' id='line_1_22' title="bbox 55 2366 1383 2453; baseline 0.002 -16"><span class='ocrx_word' id='word_1_193' title='bbox 55 2366 157 2453; x_wconf 54' lang='grc' dir='ltr'>’.ἵης</span> <span class='ocrx_word' id='word_1_194' title='bbox 181 2370 304 2437; x_wconf 84' lang='lat' dir='ltr'>Cluvio</span> <span class='ocrx_word' id='word_1_195' title='bbox 327 2373 422 2435; x_wconf 88' lang='lat' dir='ltr'>dedit.</span> <span class='ocrx_word' id='word_1_196' title='bbox 476 2374 543 2437; x_wconf 84' lang='lat' dir='ltr'>Eae</span> <span class='ocrx_word' id='word_1_197' title='bbox 567 2373 754 2438; x_wconf 83' lang='lat' dir='ltr'>commissae</span> <span class='ocrx_word' id='word_1_198' title='bbox 777 2386 863 2439; x_wconf 81' lang='lat' dir='ltr'>stant.</span> <span class='ocrx_word' id='word_1_199' title='bbox 909 2375 1014 2438; x_wconf 84' lang='lat' dir='ltr'>Velim</span> <span class='ocrx_word' id='word_1_200' title='bbox 1046 2368 1159 2449; x_wconf 77' lang='lat' dir='ltr'>cures,</span> <span class='ocrx_word' id='word_1_201' title='bbox 1195 2387 1229 2437; x_wconf 94' lang='lat' dir='ltr'>ut</span> <span class='ocrx_word' id='word_1_202' title='bbox 1260 2386 1313 2439; x_wconf 94' lang='lat' dir='ltr'>aut</span> <span class='ocrx_word' id='word_1_203' title='bbox 1342 2378 1383 2439; x_wconf 90' lang='lat' dir='ltr'>de</span> 
     </span>
     <span class='ocr_line' id='line_1_23' title="bbox 56 2466 1381 2553; baseline 0.004 -27"><span class='ocrx_word' id='word_1_204' title='bbox 56 2466 250 2549; x_wconf 64' lang='lat' dir='ltr'>bypntbeeia</span> <span class='ocrx_word' id='word_1_205' title='bbox 280 2469 411 2529; x_wconf 79' lang='lat' dir='ltr'>decedat</span> <span class='ocrx_word' id='word_1_206' title='bbox 437 2488 554 2550; x_wconf 73' lang='lat' dir='ltr'>easque</span> <span class='ocrx_word' id='word_1_207' title='bbox 579 2469 847 2549; x_wconf 71' lang='lat' dir='ltr'>procuratoribus</span> <span class='ocrx_word' id='word_1_208' title='bbox 878 2467 985 2535; x_wconf 82' lang='lat' dir='ltr'>Cluvii</span> <span class='ocrx_word' id='word_1_209' title='bbox 1009 2473 1114 2533; x_wconf 87' lang='lat' dir='ltr'>tradat</span> <span class='ocrx_word' id='word_1_210' title='bbox 1143 2482 1197 2534; x_wconf 92' lang='lat' dir='ltr'>aut</span> <span class='ocrx_word' id='word_1_211' title='bbox 1218 2469 1381 2553; x_wconf 89' lang='lat' dir='ltr'>pecuniam</span> 
     </span>
     <span class='ocr_line' id='line_1_24' title="bbox 56 2560 1382 2646; baseline 0 -20"><span class='ocrx_word' id='word_1_212' title='bbox 56 2560 209 2626; x_wconf 83' lang='lat' dir='ltr'>solrat.”</span> <span class='ocrx_word' id='word_1_213' title='bbox 254 2562 292 2623; x_wconf 89' lang='lat' dir='ltr'>ad</span> <span class='ocrx_word' id='word_1_214' title='bbox 316 2562 404 2627; x_wconf 87' lang='lat' dir='ltr'>Fam.</span> <span class='ocrx_word' id='word_1_215' title='bbox 429 2562 531 2643; x_wconf 77' lang='lat' dir='ltr'>xltt.</span> <span class='ocrx_word' id='word_1_216' title='bbox 555 2562 615 2636; x_wconf 74' lang='lat'>5⁶,</span> <span class='ocrx_word' id='word_1_217' title='bbox 650 2561 681 2624; x_wconf 74' lang='lat'>2.</span> <span class='ocrx_word' id='word_1_218' title='bbox 727 2562 806 2626; x_wconf 83' lang='lat' dir='ltr'>via.</span> <span class='ocrx_word' id='word_1_219' title='bbox 836 2563 996 2626; x_wconf 85' lang='lat' dir='ltr'>Graevius</span> <span class='ocrx_word' id='word_1_220' title='bbox 1026 2566 1064 2625; x_wconf 91' lang='lat' dir='ltr'>ad</span> <span class='ocrx_word' id='word_1_221' title='bbox 1092 2565 1127 2628; x_wconf 88' lang='lat' dir='ltr'>h.</span> <span class='ocrx_word' id='word_1_222' title='bbox 1159 2564 1181 2628; x_wconf 90' lang='lat' dir='ltr'>l.</span> <span class='ocrx_word' id='word_1_223' title='bbox 1211 2564 1267 2646; x_wconf 78' lang='lat' dir='ltr'>qut</span> <span class='ocrx_word' id='word_1_224' title='bbox 1288 2566 1382 2627; x_wconf 88' lang='lat' dir='ltr'>docet</span> 
     </span>
     <span class='ocr_line' id='line_1_25' title="bbox 58 2654 1383 2743; baseline 0.002 -24"><span class='ocrx_word' id='word_1_225' title='bbox 58 2654 270 2729; x_wconf 80' lang='lat' dir='ltr'>eSalmasio,</span> <span class='ocrx_word' id='word_1_226' title='bbox 294 2658 506 2742; x_wconf 72' lang='lat' dir='ltr'>hypothecas</span> <span class='ocrx_word' id='word_1_227' title='bbox 521 2667 551 2719; x_wconf 93' lang='lat' dir='ltr'>et</span> <span class='ocrx_word' id='word_1_228' title='bbox 564 2656 735 2739; x_wconf 84' lang='lat' dir='ltr'>pignora,</span> <span class='ocrx_word' id='word_1_229' title='bbox 759 2678 839 2740; x_wconf 83' lang='lat' dir='ltr'>quae</span> <span class='ocrx_word' id='word_1_230' title='bbox 854 2657 949 2720; x_wconf 89' lang='lat' dir='ltr'>bodie</span> <span class='ocrx_word' id='word_1_231' title='bbox 966 2656 1039 2721; x_wconf 91' lang='lat' dir='ltr'>1Cti</span> <span class='ocrx_word' id='word_1_232' title='bbox 1057 2658 1272 2743; x_wconf 79' lang='lat' dir='ltr'>distinguunt,</span> <span class='ocrx_word' id='word_1_233' title='bbox 1296 2660 1383 2741; x_wconf 87' lang='lat' dir='ltr'>apud</span> 
     </span>
     <span class='ocr_line' id='line_1_26' title="bbox 58 2749 734 2815; baseline 0.003 -2"><span class='ocrx_word' id='word_1_234' title='bbox 58 2760 184 2813; x_wconf 72' lang='lat' dir='ltr'>veteres</span> <span class='ocrx_word' id='word_1_235' title='bbox 208 2752 339 2812; x_wconf 75' lang='lat' dir='ltr'>eandem</span> <span class='ocrx_word' id='word_1_236' title='bbox 365 2750 426 2812; x_wconf 84' lang='lat' dir='ltr'>uisu</span> <span class='ocrx_word' id='word_1_237' title='bbox 450 2749 607 2814; x_wconf 88' lang='lat' dir='ltr'>babuisse.</span> <span class='ocrx_word' id='word_1_238' title='bbox 651 2752 734 2815; x_wconf 87' lang='lat' dir='ltr'>Eau.</span> 
     </span>
    </p>

    <p class='ocr_par' dir='ltr' id='par_1_9' title="bbox 56 2842 1382 3199">
     <span class='ocr_line' id='line_1_27' title="bbox 131 2842 1381 2929; baseline -0.001 -20"><span class='ocrx_word' id='word_1_239' title='bbox 131 2846 433 2926; x_wconf 64' lang='grc' dir='ltr'>Ὗποκορίζεσθαι,</span> <span class='ocrx_word' id='word_1_240' title='bbox 464 2842 649 2907; x_wconf 82' lang='lat' dir='ltr'>minuendo</span> <span class='ocrx_word' id='word_1_241' title='bbox 682 2866 743 2906; x_wconf 80' lang='lat' dir='ltr'>aere</span> <span class='ocrx_word' id='word_1_242' title='bbox 772 2846 992 2908; x_wconf 72' lang='lat' dir='ltr'>extenuando</span> <span class='ocrx_word' id='word_1_243' title='bbox 1018 2867 1137 2908; x_wconf 86' lang='lat' dir='ltr'>oerum</span> <span class='ocrx_word' id='word_1_244' title='bbox 1164 2866 1283 2910; x_wconf 85' lang='lat' dir='ltr'>nomeu</span> <span class='ocrx_word' id='word_1_245' title='bbox 1305 2867 1381 2929; x_wconf 85' lang='lat' dir='ltr'>apa·</span> 
     </span>
     <span class='ocr_line' id='line_1_28' title="bbox 58 2938 1380 3019; baseline -0.001 -18"><span class='ocrx_word' id='word_1_246' title='bbox 58 2938 180 3003; x_wconf 85' lang='lat' dir='ltr'>eioaiua</span> <span class='ocrx_word' id='word_1_247' title='bbox 204 2951 240 3001; x_wconf 81' lang='lat' dir='ltr'>et</span> <span class='ocrx_word' id='word_1_248' title='bbox 263 2939 439 3001; x_wconf 79' lang='lat' dir='ltr'>honestius</span> <span class='ocrx_word' id='word_1_249' title='bbox 456 2949 676 3019; x_wconf 76' lang='lat' dir='ltr'>praetexere.</span> <span class='ocrx_word' id='word_1_250' title='bbox 724 2989 738 3018; x_wconf 87' lang='lat'>„</span> <span class='ocrx_word' id='word_1_251' title='bbox 752 2940 846 3001; x_wconf 86' lang='lat' dir='ltr'>Nunc</span> <span class='ocrx_word' id='word_1_252' title='bbox 872 2938 914 3000; x_wconf 91' lang='lat' dir='ltr'>ita</span> <span class='ocrx_word' id='word_1_253' title='bbox 940 2939 1051 3013; x_wconf 85' lang='lat' dir='ltr'>video,</span> <span class='ocrx_word' id='word_1_254' title='bbox 1087 2940 1240 3002; x_wconf 87' lang='lat' dir='ltr'>inlinitum</span> <span class='ocrx_word' id='word_1_255' title='bbox 1264 2938 1380 3001; x_wconf 81' lang='lat' dir='ltr'>bettma</span> 
     </span>
     <span class='ocr_line' id='line_1_29' title="bbox 58 3030 1382 3119; baseline 0.001 -26"><span class='ocrx_word' id='word_1_256' title='bbox 58 3032 195 3094; x_wconf 78' lang='lat' dir='ltr'>inactum</span> <span class='ocrx_word' id='word_1_257' title='bbox 233 3030 408 3094; x_wconf 88' lang='lat' dir='ltr'>miserrima</span> <span class='ocrx_word' id='word_1_258' title='bbox 438 3032 533 3114; x_wconf 73' lang='lat' dir='ltr'>lugat</span> <span class='ocrx_word' id='word_1_259' title='bbox 568 3053 660 3115; x_wconf 81' lang='lat' dir='ltr'>quam</span> <span class='ocrx_word' id='word_1_260' title='bbox 694 3046 728 3095; x_wconf 90' lang='lat' dir='ltr'>tu</span> <span class='ocrx_word' id='word_1_261' title='bbox 759 3032 1050 3116; x_wconf 80' lang='lat' dir='ltr'>peregrinationem</span> <span class='ocrx_word' id='word_1_262' title='bbox 1083 3030 1299 3119; x_wconf 56' lang='lat' dir='ltr'>danaoptbpl’</span> <span class='ocrx_word' id='word_1_263' title='bbox 1342 3034 1382 3095; x_wconf 86' lang='lat' dir='ltr'>ad</span> 
     </span>
     <span class='ocr_line' id='line_1_30' title="bbox 56 3126 355 3199; baseline -0.013 -8"><span class='ocrx_word' id='word_1_264' title='bbox 56 3132 119 3191; x_wconf 80' lang='lat' dir='ltr'>au.</span> <span class='ocrx_word' id='word_1_265' title='bbox 140 3126 213 3190; x_wconf 83' lang='lat' dir='ltr'>IX.</span> <span class='ocrx_word' id='word_1_266' title='bbox 239 3130 298 3199; x_wconf 84' lang='lat'>10,</span> <span class='ocrx_word' id='word_1_267' title='bbox 324 3129 355 3188; x_wconf 82' lang='lat' dir='ltr'>d.</span> 
     </span>
    </p>

    <p class='ocr_par' dir='ltr' id='par_1_10' title="bbox 52 3218 1382 3482">
     <span class='ocr_line' id='line_1_31' title="bbox 126 3218 1382 3305; baseline -0.003 -18"><span class='ocrx_word' id='word_1_268' title='bbox 126 3222 461 3304; x_wconf 62' lang='lat' dir='ltr'>‘ffizquepuru0mo;,</span> <span class='ocrx_word' id='word_1_269' title='bbox 490 3221 730 3305; x_wconf 79' lang='lat' dir='ltr'>srabquerulua.</span> <span class='ocrx_word' id='word_1_270' title='bbox 787 3221 934 3301; x_wconf 86' lang='lat' dir='ltr'>,Appius</span> <span class='ocrx_word' id='word_1_271' title='bbox 968 3221 1006 3281; x_wconf 87' lang='lat' dir='ltr'>ad</span> <span class='ocrx_word' id='word_1_272' title='bbox 1042 3242 1090 3284; x_wconf 92' lang='lat' dir='ltr'>me</span> <span class='ocrx_word' id='word_1_273' title='bbox 1120 3242 1161 3285; x_wconf 84' lang='lat' dir='ltr'>ex</span> <span class='ocrx_word' id='word_1_274' title='bbox 1192 3218 1305 3284; x_wconf 84' lang='lat' dir='ltr'>itinere</span> <span class='ocrx_word' id='word_1_275' title='bbox 1331 3219 1382 3283; x_wconf 83' lang='lat' dir='ltr'>bis</span> 
     </span>
     <span class='ocr_line' id='line_1_32' title="bbox 56 3313 1381 3400; baseline 0.003 -25"><span class='ocrx_word' id='word_1_276' title='bbox 56 3326 138 3377; x_wconf 82' lang='lat' dir='ltr'>trrse</span> <span class='ocrx_word' id='word_1_277' title='bbox 161 3318 476 3400; x_wconf 73' lang='grc' dir='ltr'>ὕπομιμψιμοίρους</span> <span class='ocrx_word' id='word_1_278' title='bbox 504 3316 625 3378; x_wconf 87' lang='lat' dir='ltr'>litteras</span> <span class='ocrx_word' id='word_1_279' title='bbox 650 3315 794 3390; x_wconf 86' lang='lat' dir='ltr'>miserat,</span> <span class='ocrx_word' id='word_1_280' title='bbox 826 3317 914 3398; x_wconf 89' lang='lat' dir='ltr'>quod</span> <span class='ocrx_word' id='word_1_281' title='bbox 939 3319 1090 3399; x_wconf 81' lang='lat' dir='ltr'>qteaedam</span> <span class='ocrx_word' id='word_1_282' title='bbox 1114 3337 1130 3378; x_wconf 89' lang='lat' dir='ltr'>a</span> <span class='ocrx_word' id='word_1_283' title='bbox 1152 3336 1187 3378; x_wconf 89' lang='lat' dir='ltr'>sc</span> <span class='ocrx_word' id='word_1_284' title='bbox 1210 3313 1381 3379; x_wconf 84' lang='lat' dir='ltr'>constituta</span> 
     </span>
     <span class='ocr_line' id='line_1_33' title="bbox 52 3408 696 3482; baseline -0.002 -10"><span class='ocrx_word' id='word_1_285' title='bbox 52 3408 308 3473; x_wconf 68' lang='lat' dir='ltr'>rueinderem.’&#39;</span> <span class='ocrx_word' id='word_1_286' title='bbox 354 3413 393 3471; x_wconf 85' lang='lat' dir='ltr'>ad</span> <span class='ocrx_word' id='word_1_287' title='bbox 415 3412 485 3471; x_wconf 82' lang='lat' dir='ltr'>Att.</span> <span class='ocrx_word' id='word_1_288' title='bbox 511 3409 574 3472; x_wconf 84' lang='lat' dir='ltr'>Vl.</span> <span class='ocrx_word' id='word_1_289' title='bbox 601 3413 638 3482; x_wconf 94' lang='grc'>1,</span> <span class='ocrx_word' id='word_1_290' title='bbox 664 3410 696 3472; x_wconf 76' lang='lat'>2.</span> 
     </span>
    </p>

    <p class='ocr_par' dir='ltr' id='par_1_11' title="bbox 11 3502 1381 4151">
     <span class='ocr_line' id='line_1_34' title="bbox 126 3502 1378 3588; baseline -0.001 -18"><span class='ocrx_word' id='word_1_291' title='bbox 126 3505 351 3588; x_wconf 67' lang='grc' dir='ltr'>Ἓτόμνημα,</span> <span class='ocrx_word' id='word_1_292' title='bbox 381 3504 659 3566; x_wconf 82' lang='lat' dir='ltr'>commentarius.</span> <span class='ocrx_word' id='word_1_293' title='bbox 714 3551 729 3576; x_wconf 89' lang='lat'><strong>„</strong></span> <span class='ocrx_word' id='word_1_294' title='bbox 740 3504 791 3567; x_wconf 90' lang='lat' dir='ltr'>Ad</span> <span class='ocrx_word' id='word_1_295' title='bbox 817 3527 865 3567; x_wconf 84' lang='lat' dir='ltr'>me</span> <span class='ocrx_word' id='word_1_296' title='bbox 888 3504 1053 3586; x_wconf 81' lang='lat' dir='ltr'>rescripsit</span> <span class='ocrx_word' id='word_1_297' title='bbox 1075 3502 1134 3565; x_wconf 91' lang='lat' dir='ltr'>iam</span> <span class='ocrx_word' id='word_1_298' title='bbox 1165 3505 1283 3568; x_wconf 80' lang='lat' dir='ltr'>ilbodo</span> <span class='ocrx_word' id='word_1_299' title='bbox 1311 3504 1378 3569; x_wconf 88' lang='lat' dir='ltr'>Po·</span> 
     </span>
     <span class='ocr_line' id='line_1_35' title="bbox 53 3576 1378 3682; baseline -0.002 -21"><span class='ocrx_word' id='word_1_300' title='bbox 53 3597 213 3675; x_wconf 76' lang='lat' dir='ltr'>sidonius,</span> <span class='ocrx_word' id='word_1_301' title='bbox 236 3620 291 3672; x_wconf 90' lang='lat' dir='ltr'>se,</span> <span class='ocrx_word' id='word_1_302' title='bbox 319 3610 459 3660; x_wconf 85' lang='lat' dir='ltr'>nostrum</span> <span class='ocrx_word' id='word_1_303' title='bbox 480 3597 556 3658; x_wconf 92' lang='lat' dir='ltr'>illud</span> <span class='ocrx_word' id='word_1_304' title='bbox 578 3600 755 3682; x_wconf 77' lang='grc' dir='ltr'>ὑπόμνημα</span> <span class='ocrx_word' id='word_1_305' title='bbox 778 3620 847 3659; x_wconf 88' lang='lat' dir='ltr'>cum</span> <span class='ocrx_word' id='word_1_306' title='bbox 868 3576 1008 3682; x_wconf 70' lang='lat' dir='ltr'>lcg0et,</span> <span class='ocrx_word' id='word_1_307' title='bbox 1034 3600 1120 3680; x_wconf 82' lang='lat' dir='ltr'>quod</span> <span class='ocrx_word' id='word_1_308' title='bbox 1144 3619 1206 3675; x_wconf 77' lang='lat' dir='ltr'>ego</span> <span class='ocrx_word' id='word_1_309' title='bbox 1228 3599 1268 3659; x_wconf 87' lang='lat' dir='ltr'>ad</span> <span class='ocrx_word' id='word_1_310' title='bbox 1290 3618 1378 3673; x_wconf 77' lang='lat' dir='ltr'>erim,</span> 
     </span>
     <span class='ocr_line' id='line_1_36' title="bbox 53 3684 1381 3766; baseline -0.002 -11"><span class='ocrx_word' id='word_1_311' title='bbox 53 3705 83 3755; x_wconf 90' lang='lat' dir='ltr'>nt</span> <span class='ocrx_word' id='word_1_312' title='bbox 103 3692 257 3757; x_wconf 73' lang='lat' dir='ltr'>ornatilia</span> <span class='ocrx_word' id='word_1_313' title='bbox 279 3695 318 3756; x_wconf 92' lang='lat' dir='ltr'>de</span> <span class='ocrx_word' id='word_1_314' title='bbox 338 3692 445 3754; x_wconf 88' lang='lat' dir='ltr'>iisdem</span> <span class='ocrx_word' id='word_1_315' title='bbox 470 3692 565 3753; x_wconf 85' lang='lat' dir='ltr'>rebus</span> <span class='ocrx_word' id='word_1_316' title='bbox 591 3684 759 3766; x_wconf 79' lang='lat' dir='ltr'>seiiberet,</span> <span class='ocrx_word' id='word_1_317' title='bbox 783 3693 939 3766; x_wconf 85' lang='lat' dir='ltr'>miseram,</span> <span class='ocrx_word' id='word_1_318' title='bbox 966 3713 1028 3754; x_wconf 88' lang='lat' dir='ltr'>non</span> <span class='ocrx_word' id='word_1_319' title='bbox 1056 3694 1152 3755; x_wconf 92' lang='lat' dir='ltr'>modo</span> <span class='ocrx_word' id='word_1_320' title='bbox 1175 3713 1237 3754; x_wconf 91' lang='lat' dir='ltr'>non</span> <span class='ocrx_word' id='word_1_321' title='bbox 1260 3691 1381 3754; x_wconf 89' lang='lat' dir='ltr'>excita·</span> 
     </span>
     <span class='ocr_line' id='line_1_37' title="bbox 53 3783 1379 3866; baseline -0.002 -17"><span class='ocrx_word' id='word_1_322' title='bbox 53 3800 112 3849; x_wconf 74' lang='lat' dir='ltr'>ta·</span> <span class='ocrx_word' id='word_1_323' title='bbox 142 3808 222 3851; x_wconf 87' lang='lat' dir='ltr'>esse</span> <span class='ocrx_word' id='word_1_324' title='bbox 253 3788 293 3848; x_wconf 87' lang='lat' dir='ltr'>ad</span> <span class='ocrx_word' id='word_1_325' title='bbox 321 3786 543 3861; x_wconf 84' lang='lat' dir='ltr'>scribendum,</span> <span class='ocrx_word' id='word_1_326' title='bbox 576 3788 632 3849; x_wconf 89' lang='lat' dir='ltr'>sed</span> <span class='ocrx_word' id='word_1_327' title='bbox 657 3788 748 3848; x_wconf 87' lang='lat' dir='ltr'>etiam</span> <span class='ocrx_word' id='word_1_328' title='bbox 773 3787 866 3866; x_wconf 82' lang='lat' dir='ltr'>plane</span> <span class='ocrx_word' id='word_1_329' title='bbox 889 3784 1115 3848; x_wconf 76' lang='lat' dir='ltr'>deterritum.&#39;&#39;</span> <span class='ocrx_word' id='word_1_330' title='bbox 1160 3786 1199 3845; x_wconf 89' lang='lat' dir='ltr'>ad</span> <span class='ocrx_word' id='word_1_331' title='bbox 1229 3786 1299 3847; x_wconf 89' lang='lat' dir='ltr'>Att.</span> <span class='ocrx_word' id='word_1_332' title='bbox 1330 3783 1379 3847; x_wconf 92' lang='lat'>11.</span> 
     </span>
     <span class='ocr_line' id='line_1_38' title="bbox 11 3878 1380 3967; baseline -0.001 -26"><span class='ocrx_word' id='word_1_333' title='bbox 11 3956 13 3967; x_wconf 37' lang='grc' dir='ltr'>Ι</span> <span class='ocrx_word' id='word_1_334' title='bbox 55 3888 85 3951; x_wconf 89' lang='lat' dir='ltr'>t,</span> <span class='ocrx_word' id='word_1_335' title='bbox 108 3882 142 3943; x_wconf 75' lang='lat'>2.</span> <span class='ocrx_word' id='word_1_336' title='bbox 168 3912 215 3925; x_wconf 93' lang='lat'>-</span> <span class='ocrx_word' id='word_1_337' title='bbox 261 3880 401 3960; x_wconf 87' lang='lat' dir='ltr'>„Silium</span> <span class='ocrx_word' id='word_1_338' title='bbox 418 3882 657 3961; x_wconf 79' lang='lat' dir='ltr'>exspectaba1u3</span> <span class='ocrx_word' id='word_1_339' title='bbox 682 3881 731 3943; x_wconf 89' lang='lat' dir='ltr'>cui</span> <span class='ocrx_word' id='word_1_340' title='bbox 753 3880 930 3963; x_wconf 77' lang='grc' dir='ltr'>ὑπόμνημα</span> <span class='ocrx_word' id='word_1_341' title='bbox 946 3878 1198 3958; x_wconf 82' lang='lat' dir='ltr'>compositum.”</span> <span class='ocrx_word' id='word_1_342' title='bbox 1242 3879 1282 3939; x_wconf 91' lang='lat' dir='ltr'>ad</span> <span class='ocrx_word' id='word_1_343' title='bbox 1307 3878 1380 3939; x_wconf 83' lang='lat' dir='ltr'>Att.</span> 
     </span>
     <span class='ocr_line' id='line_1_39' title="bbox 52 3970 1380 4057; baseline -0.007 -18"><span class='ocrx_word' id='word_1_344' title='bbox 52 3976 128 4039; x_wconf 72' lang='lat' dir='ltr'>XV.</span> <span class='ocrx_word' id='word_1_345' title='bbox 154 3974 216 4039; x_wconf 72' lang='lat'>2³.</span> <span class='ocrx_word' id='word_1_346' title='bbox 239 4008 281 4021; x_wconf 89' lang='lat'><em>-</em></span> <span class='ocrx_word' id='word_1_347' title='bbox 333 3975 604 4053; x_wconf 81' lang='lat' dir='ltr'>„Athenodorum</span> <span class='ocrx_word' id='word_1_348' title='bbox 629 3973 703 4035; x_wconf 88' lang='lat' dir='ltr'>nibil</span> <span class='ocrx_word' id='word_1_349' title='bbox 732 3975 893 4057; x_wconf 84' lang='lat' dir='ltr'>estquod</span> <span class='ocrx_word' id='word_1_350' title='bbox 920 3976 1062 4035; x_wconf 84' lang='lat' dir='ltr'>hortere.</span> <span class='ocrx_word' id='word_1_351' title='bbox 1107 3970 1199 4035; x_wconf 83' lang='lat' dir='ltr'>Misit</span> <span class='ocrx_word' id='word_1_352' title='bbox 1222 3970 1303 4032; x_wconf 88' lang='lat' dir='ltr'>enim</span> <span class='ocrx_word' id='word_1_353' title='bbox 1330 3991 1380 4032; x_wconf 88' lang='lat' dir='ltr'>aa·</span> 
     </span>
     <span class='ocr_line' id='line_1_40' title="bbox 54 4067 916 4151; baseline -0.001 -22"><span class='ocrx_word' id='word_1_354' title='bbox 54 4068 86 4129; x_wconf 74' lang='lat' dir='ltr'>tta</span> <span class='ocrx_word' id='word_1_355' title='bbox 106 4069 236 4131; x_wconf 78' lang='lat' dir='ltr'>bellatur</span> <span class='ocrx_word' id='word_1_356' title='bbox 259 4067 476 4151; x_wconf 59' lang='lat' dir='ltr'>dadpmmaess&#39;</span> <span class='ocrx_word' id='word_1_357' title='bbox 520 4069 557 4129; x_wconf 83' lang='lat' dir='ltr'>atl</span> <span class='ocrx_word' id='word_1_358' title='bbox 580 4071 651 4130; x_wconf 81' lang='lat' dir='ltr'>Au.</span> <span class='ocrx_word' id='word_1_359' title='bbox 675 4068 775 4131; x_wconf 83' lang='lat' dir='ltr'><strong>XVI.</strong></span> <span class='ocrx_word' id='word_1_360' title='bbox 801 4070 859 4141; x_wconf 78' lang='lat' dir='ltr'>ld,</span> <span class='ocrx_word' id='word_1_361' title='bbox 884 4072 916 4129; x_wconf 75' lang='lat' dir='ltr'>lt.</span> 
     </span>
    </p>

    <p class='ocr_par' dir='ltr' id='par_1_12' title="bbox 57 4160 1382 4799">
     <span class='ocr_line' id='line_1_41' title="bbox 123 4160 1380 4245; baseline -0.003 -19"><span class='ocrx_word' id='word_1_362' title='bbox 123 4162 458 4245; x_wconf 61' lang='lat' dir='ltr'>‘Proprqpauopdp</span> <span class='ocrx_word' id='word_1_363' title='bbox 504 4162 552 4223; x_wconf 86' lang='lat' dir='ltr'>lta</span> <span class='ocrx_word' id='word_1_364' title='bbox 570 4163 728 4225; x_wconf 83' lang='lat' dir='ltr'>vocabant</span> <span class='ocrx_word' id='word_1_365' title='bbox 751 4160 969 4242; x_wconf 80' lang='lat' dir='ltr'>Areopagitae</span> <span class='ocrx_word' id='word_1_366' title='bbox 992 4161 1118 4221; x_wconf 87' lang='lat' dir='ltr'>decreta</span> <span class='ocrx_word' id='word_1_367' title='bbox 1138 4180 1208 4223; x_wconf 86' lang='lat' dir='ltr'>atta·</span> <span class='ocrx_word' id='word_1_368' title='bbox 1254 4160 1380 4222; x_wconf 83' lang='lat' dir='ltr'>Nomen</span> 
     </span>
     <span class='ocr_line' id='line_1_42' title="bbox 57 4249 1379 4337; baseline -0.002 -20"><span class='ocrx_word' id='word_1_369' title='bbox 57 4256 119 4319; x_wconf 76' lang='lat' dir='ltr'>‘nde</span> <span class='ocrx_word' id='word_1_370' title='bbox 136 4260 293 4330; x_wconf 88' lang='lat' dir='ltr'>ductum,</span> <span class='ocrx_word' id='word_1_371' title='bbox 318 4258 451 4337; x_wconf 73' lang='lat' dir='ltr'>quindiu</span> <span class='ocrx_word' id='word_1_372' title='bbox 471 4257 594 4317; x_wconf 84' lang='lat' dir='ltr'>tabulas</span> <span class='ocrx_word' id='word_1_373' title='bbox 612 4254 783 4318; x_wconf 84' lang='lat' dir='ltr'>memoriae</span> <span class='ocrx_word' id='word_1_374' title='bbox 802 4277 893 4317; x_wconf 84' lang='lat' dir='ltr'>causa</span> <span class='ocrx_word' id='word_1_375' title='bbox 914 4254 1144 4316; x_wconf 80' lang='lat' dir='ltr'>reserebantur.</span> <span class='ocrx_word' id='word_1_376' title='bbox 1168 4254 1252 4315; x_wconf 85' lang='lat' dir='ltr'>Eau.</span> <span class='ocrx_word' id='word_1_377' title='bbox 1277 4249 1379 4333; x_wconf 88' lang='lat' dir='ltr'>„Cum</span> 
     </span>
     <span class='ocr_line' id='line_1_43' title="bbox 59 4347 1381 4434; baseline -0.002 -21"><span class='ocrx_word' id='word_1_378' title='bbox 59 4351 176 4414; x_wconf 81' lang='lat' dir='ltr'>Patron</span> <span class='ocrx_word' id='word_1_379' title='bbox 189 4372 315 4412; x_wconf 78' lang='lat' dir='ltr'>mertam</span> <span class='ocrx_word' id='word_1_380' title='bbox 334 4348 475 4434; x_wconf 75' lang='lat' dir='ltr'>egisset,</span> <span class='ocrx_word' id='word_1_381' title='bbox 500 4362 533 4411; x_wconf 89' lang='lat' dir='ltr'>ut</span> <span class='ocrx_word' id='word_1_382' title='bbox 550 4360 690 4430; x_wconf 82' lang='lat' dir='ltr'>peterem</span> <span class='ocrx_word' id='word_1_383' title='bbox 707 4369 724 4410; x_wconf 87' lang='lat' dir='ltr'>a</span> <span class='ocrx_word' id='word_1_384' title='bbox 744 4362 852 4412; x_wconf 86' lang='lat' dir='ltr'>vestro</span> <span class='ocrx_word' id='word_1_385' title='bbox 868 4352 1063 4428; x_wconf 81' lang='lat' dir='ltr'>Areopago,</span> <span class='ocrx_word' id='word_1_386' title='bbox 1085 4347 1381 4432; x_wconf 74' lang='grc' dir='ltr'>ὑπομνηματισμὸν</span> 
     </span>
     <span class='ocr_line' id='line_1_44' title="bbox 62 4416 1378 4527; baseline -0.002 -20"><span class='ocrx_word' id='word_1_387' title='bbox 62 4445 226 4519; x_wconf 88' lang='lat' dir='ltr'>tetlrrent,</span> <span class='ocrx_word' id='word_1_388' title='bbox 267 4467 360 4527; x_wconf 85' lang='lat' dir='ltr'>quem</span> <span class='ocrx_word' id='word_1_389' title='bbox 390 4416 605 4523; x_wconf 73' lang='lat' dir='ltr'>Polycharmo</span> <span class='ocrx_word' id='word_1_390' title='bbox 639 4454 790 4523; x_wconf 80' lang='lat' dir='ltr'>praetore</span> <span class='ocrx_word' id='word_1_391' title='bbox 822 4441 1011 4515; x_wconf 76' lang='lat' dir='ltr'>fecerant,”</span> <span class='ocrx_word' id='word_1_392' title='bbox 1049 4452 1113 4503; x_wconf 83' lang='lat' dir='ltr'>ert.</span> <span class='ocrx_word' id='word_1_393' title='bbox 1168 4444 1207 4502; x_wconf 89' lang='lat' dir='ltr'>ad</span> <span class='ocrx_word' id='word_1_394' title='bbox 1237 4443 1307 4503; x_wconf 80' lang='lat' dir='ltr'>All.</span> <span class='ocrx_word' id='word_1_395' title='bbox 1333 4441 1378 4505; x_wconf 89' lang='lat' dir='ltr'>V.</span> 
     </span>
     <span class='ocr_line' id='line_1_45' title="bbox 66 4535 1381 4618; baseline 0.002 -21"><span class='ocrx_word' id='word_1_396' title='bbox 66 4542 111 4611; x_wconf 90' lang='lat' dir='ltr'>u,</span> <span class='ocrx_word' id='word_1_397' title='bbox 133 4540 167 4601; x_wconf 82' lang='grc' dir='ltr'>(ι.</span> <span class='ocrx_word' id='word_1_398' title='bbox 203 4570 244 4584; x_wconf 92' lang='lat'>-</span> <span class='ocrx_word' id='word_1_399' title='bbox 296 4539 538 4615; x_wconf 78' lang='lat' dir='ltr'>,Quantobrrm</span> <span class='ocrx_word' id='word_1_400' title='bbox 560 4550 637 4618; x_wconf 91' lang='lat' dir='ltr'>peto</span> <span class='ocrx_word' id='word_1_401' title='bbox 660 4557 676 4596; x_wconf 96' lang='lat' dir='ltr'>a</span> <span class='ocrx_word' id='word_1_402' title='bbox 697 4549 745 4609; x_wconf 86' lang='lat' dir='ltr'>te,</span> <span class='ocrx_word' id='word_1_403' title='bbox 771 4547 805 4598; x_wconf 92' lang='lat' dir='ltr'>ut</span> <span class='ocrx_word' id='word_1_404' title='bbox 831 4535 954 4598; x_wconf 80' lang='lat' dir='ltr'>scribas</span> <span class='ocrx_word' id='word_1_405' title='bbox 975 4536 1014 4595; x_wconf 89' lang='lat' dir='ltr'>ad</span> <span class='ocrx_word' id='word_1_406' title='bbox 1037 4545 1109 4595; x_wconf 89' lang='lat' dir='ltr'>tuos</span> <span class='ocrx_word' id='word_1_407' title='bbox 1131 4555 1227 4615; x_wconf 77' lang='lat' dir='ltr'>posse</span> <span class='ocrx_word' id='word_1_408' title='bbox 1249 4548 1301 4597; x_wconf 88' lang='lat' dir='ltr'>tua</span> <span class='ocrx_word' id='word_1_409' title='bbox 1322 4557 1381 4600; x_wconf 81' lang='lat' dir='ltr'>ro·</span> 
     </span>
     <span class='ocr_line' id='line_1_46' title="bbox 67 4629 1382 4715; baseline -0.002 -21"><span class='ocrx_word' id='word_1_410' title='bbox 67 4632 173 4695; x_wconf 79' lang='lat' dir='ltr'>laetate</span> <span class='ocrx_word' id='word_1_411' title='bbox 199 4635 363 4693; x_wconf 86' lang='lat' dir='ltr'>decretum</span> <span class='ocrx_word' id='word_1_412' title='bbox 388 4633 465 4695; x_wconf 92' lang='lat' dir='ltr'>illud</span> <span class='ocrx_word' id='word_1_413' title='bbox 492 4631 787 4715; x_wconf 75' lang='lat' dir='ltr'>Areopagitarum,</span> <span class='ocrx_word' id='word_1_414' title='bbox 820 4649 914 4712; x_wconf 76' lang='lat' dir='ltr'>queem</span> <span class='ocrx_word' id='word_1_415' title='bbox 941 4630 1234 4713; x_wconf 73' lang='lat' dir='ltr'>daoprppurmpdr</span> <span class='ocrx_word' id='word_1_416' title='bbox 1255 4629 1299 4692; x_wconf 92' lang='lat' dir='ltr'>illi</span> <span class='ocrx_word' id='word_1_417' title='bbox 1322 4650 1382 4691; x_wconf 86' lang='lat' dir='ltr'>vo·</span> 
     </span>
     <span class='ocr_line' id='line_1_47' title="bbox 70 4724 732 4799; baseline 0.002 -14"><span class='ocrx_word' id='word_1_418' title='bbox 70 4736 147 4797; x_wconf 83' lang='grc' dir='ltr'>ιιιι,</span> <span class='ocrx_word' id='word_1_419' title='bbox 170 4724 285 4788; x_wconf 83' lang='lat' dir='ltr'>tnttt.”</span> <span class='ocrx_word' id='word_1_420' title='bbox 330 4730 371 4786; x_wconf 78' lang='lat' dir='ltr'>aa</span> <span class='ocrx_word' id='word_1_421' title='bbox 394 4726 484 4789; x_wconf 79' lang='lat' dir='ltr'>Fam.</span> <span class='ocrx_word' id='word_1_422' title='bbox 508 4726 610 4790; x_wconf 80' lang='lat' dir='ltr'>xllt.</span> <span class='ocrx_word' id='word_1_423' title='bbox 637 4728 674 4799; x_wconf 89' lang='lat' dir='ltr'>t,</span> <span class='ocrx_word' id='word_1_424' title='bbox 699 4725 732 4787; x_wconf 78' lang='lat'>5.</span> 
     </span>
    </p>

    <p class='ocr_par' dir='ltr' id='par_1_13' title="bbox 137 4815 1378 4899">
     <span class='ocr_line' id='line_1_48' title="bbox 137 4815 1378 4899; baseline -0.009 -12"><span class='ocrx_word' id='word_1_425' title='bbox 137 4820 395 4895; x_wconf 65' lang='grc' dir='ltr'>Ῥαοσόλοικος,</span> <span class='ocrx_word' id='word_1_426' title='bbox 419 4819 666 4883; x_wconf 75' lang='lat' dir='ltr'>rubudsurdua·</span> <span class='ocrx_word' id='word_1_427' title='bbox 712 4819 797 4899; x_wconf 81' lang='lat' dir='ltr'>„Est</span> <span class='ocrx_word' id='word_1_428' title='bbox 821 4815 901 4881; x_wconf 90' lang='lat' dir='ltr'>enim</span> <span class='ocrx_word' id='word_1_429' title='bbox 927 4815 1165 4891; x_wconf 80' lang='lat' dir='ltr'>daaeo&#39;lasaor,</span> <span class='ocrx_word' id='word_1_430' title='bbox 1188 4837 1259 4879; x_wconf 89' lang='lat' dir='ltr'>cnm</span> <span class='ocrx_word' id='word_1_431' title='bbox 1286 4815 1378 4877; x_wconf 82' lang='lat' dir='ltr'>velim</span> 
     </span>
    </p>
   </div>
   <div class='ocr_carea' id='block_1_7' title="bbox 0 0 1606 5296">
    <p class='ocr_par' dir='ltr' id='par_1_14' title="bbox 0 0 1606 5296">
     <span class='ocr_line' id='line_1_49' title="bbox 0 0 1606 5296; baseline 0 1"><span class='ocrx_word' id='word_1_432' title='bbox 0 0 1606 5296; x_wconf 95' lang='lat' dir='ltr'> </span> 
     </span>
    </p>
   </div>
  </div>
 </body>
</html>
