3202 5318
180 206 185 219 ι
228 276 290 356 tlt
710 272 861 354 mnan
880 272 1064 355 Lucum.

228 453 311 496 nunc
326 429 481 496 modicam
501 426 703 514 rogationem
720 428 996 515 promulgaturum
1018 429 1062 492 de
1078 429 1256 513 aequando
1276 432 1438 514 magistri
1453 435 1548 521 equi·

226 537 301 591 tum
319 538 352 590 et
365 522 546 588 dictatoria
567 521 656 586 iure.
678 555 720 568 -
741 554 784 568 -
805 554 846 567 -
868 525 958 587 Luce
973 534 1044 586 orta
1059 544 1129 586 cum
1145 523 1246 605 plebis
1262 524 1432 588 concilium
1450 542 1545 605 esset,

227 619 329 705 magis
349 616 442 682 tacita
466 615 585 680 invidia
608 615 771 680 dictatoris
794 616 953 702 favorque
977 617 1119 700 magistri
1141 610 1280 701 equitum
1300 618 1420 683 animos
1445 643 1550 687 versa·

226 716 300 787 bat,
325 732 417 798 quam
444 708 521 774 satis
544 710 700 774 audebant
722 708 866 775 bomincs
891 712 929 772 ad
954 712 1148 774 suadendum
1172 714 1259 794 quod
1279 713 1380 797 volgo
1405 714 1550 796 placebat

224 804 376 891 prodicta
410 816 443 870 et
461 804 575 870 lavore
597 816 768 887 superante
795 805 967 868 auctoritas
996 816 1098 868 tamen
1122 802 1286 892 rogationi
1313 806 1439 872 deerat.
1471 830 1552 872 unus

225 900 372 965 iuventus
394 910 442 963 est
462 919 575 964 suasor
596 897 676 982 legis
699 896 741 963 C.
763 895 934 960 Terentius
957 899 1086 975 Varro,
1110 899 1163 982 qui
1184 898 1295 982 priorc
1317 920 1400 963 anuo
1419 912 1552 983 praetor

224 988 347 1072 luerat,
371 993 446 1059 loco
462 1012 527 1058 non
540 992 652 1057 humili
666 992 768 1056 solum
784 994 840 1055 sed
861 991 953 1055 etiam
969 991 1102 1057 sordido
1121 1005 1225 1057 nctus.
1242 1029 1280 1043 -
1296 1029 1337 1040 —
1353 1025 1394 1038 -
1410 994 1551 1081 Scitique

225 1086 329 1172 plebis
350 1108 430 1151 unus
448 1085 583 1172 gratiam
602 1084 685 1149 tulit.
731 1084 849 1150 Omnes
872 1106 939 1147 eam
963 1088 1181 1170 rogationem,
1206 1086 1323 1172 quique
1338 1088 1462 1152 Romae
1480 1088 1551 1174 qui-

226 1202 289 1266 que
318 1180 516 1245 inexercitu
540 1190 648 1256 erant,
684 1178 777 1264 aequi
801 1190 894 1263 atquc
917 1178 1034 1263 iniqui,
1067 1192 1196 1263 practer
1224 1181 1325 1264 ipsum
1351 1181 1549 1260 dictatorem,

226 1273 259 1338 in
280 1274 502 1340 contumeliam
526 1274 591 1337 eius
612 1273 707 1337 latam
729 1283 940 1355 acceperunt.
974 1274 1040 1355 ipsc
1062 1294 1124 1358 qua
1147 1274 1304 1359 gravitate
1331 1275 1423 1338 animi
1445 1274 1551 1338 crimi-

227 1381 338 1433 nantes
358 1390 393 1432 se
416 1371 455 1432 ad
478 1367 705 1432 multitudinem
729 1367 871 1431 inimicos
894 1367 1028 1444 tulerat,
1053 1370 1160 1430 eadem
1186 1380 1216 1433 et
1239 1368 1352 1451 populi
1374 1369 1405 1431 in
1429 1389 1465 1432 se
1486 1390 1552 1433 sae·

228 1463 342 1526 aientis
371 1461 516 1525 iniuriam
545 1458 635 1536 tulit3
669 1462 872 1545 acceptisque
903 1461 933 1525 in
963 1460 1035 1543 ipso
1067 1461 1180 1525 itincre
1209 1462 1321 1525 litteris
1352 1473 1482 1526 senatus
1514 1466 1550 1526 dc

228 1565 364 1638 aequato
395 1554 550 1638 imperio,
585 1553 662 1619 satis
692 1554 791 1618 fideus
823 1556 1065 1639 haudquaquam
1091 1577 1168 1618 cum
1197 1555 1321 1638 imperii
1350 1558 1421 1620 iure
1451 1570 1550 1621 artem

227 1647 402 1732 imperandi
422 1659 604 1734 aequatam,
629 1671 698 1712 cum
719 1650 839 1713 invicto
862 1671 879 1712 a
901 1647 1024 1712 civibus
1048 1649 1255 1736 hostibusque
1277 1649 1382 1715 auimo
1407 1655 1446 1714 ad
1462 1672 1553 1717 exer·

230 1740 324 1807 citum
346 1743 472 1808 rediit.”
510 1744 588 1808 Lis.
611 1743 731 1809 XXII.
755 1742 795 1806 25
817 1763 886 1826 seq.
916 1741 972 1808 Cf.
996 1743 1187 1807 Plutarchus
1210 1745 1242 1807 in
1264 1732 1329 1807 v‘ita
1351 1744 1445 1809 Fabii
1467 1769 1496 1810 c.
1518 1744 1551 1811 9.

786 1902 994 1967 Mmanuuns.

312 2025 370 2100 „Si
393 2024 490 2089 ius‘tas
509 2022 686 2089 iuimicitias
708 2026 861 2109 putabas,
890 2046 965 2101 cur,
995 2044 1064 2088 cum
1089 2025 1235 2090 tribunus
1261 2025 1391 2089 militum
1418 2026 1553 2091 Flaccus

228 2131 328 2196 esset,
352 2120 384 2184 in
400 2119 485 2183 illius
499 2120 627 2203 legione
649 2119 736 2182 miles
754 2118 858 2194 luisti,
882 2139 953 2181 cum
969 2119 1026 2182 tibi
1041 2141 1099 2201 per
1116 2121 1204 2205 leges
1224 2119 1393 2184 militares
1410 2120 1553 2207 effugere

98 2264 104 2279 .
228 2213 342 2277 liceret
363 2213 557 2297 iniquitatem
580 2212 751 2276 tribuni?”
783 2233 845 2295 pro
869 2214 988 2277 Flacco
1011 2213 1069 2289 32,
1095 2219 1148 2278 77.

313 2309 413 2391 Apud
434 2308 580 2391 Lipsium
603 2310 642 2371 de
663 2326 698 2371 ce
722 2307 813 2371 milit.
837 2307 919 2372 XV.
942 2309 994 2372 15.
1018 2310 1057 2370 dc
1081 2309 1204 2394 legibus
1229 2307 1413 2372 militaribus
1435 2307 1549 2392 agitur,

229 2404 285 2466 sod
307 2405 346 2465 de
367 2402 493 2487 legibus
508 2402 588 2465 lurti
608 2413 742 2478 tautum,
765 2400 840 2464 nihil
855 2405 894 2464 de
908 2402 1022 2465 celcris
1037 2415 1090 2485 aut
1109 2406 1147 2466 dc
1164 2424 1216 2478 ea,
1242 2404 1389 2485 adquam
1409 2402 1553 2486 respexit

231 2495 361 2562 Cicero.
407 2499 454 2561 Ea
477 2507 581 2560 autem
605 2499 681 2559 hacc
701 2496 781 2570 suit,
805 2507 856 2571 ut,
880 2495 996 2581 siquis
1018 2494 1150 2560 iortcin
1173 2495 1240 2567 ,eius
1257 2495 1377 2560 tribuni
1393 2494 1550 2580 legionem

231 2590 321 2654 miles
351 2592 482 2654 allectus
513 2603 616 2667 essct,
647 2612 739 2674 quem
769 2589 830 2653 sibi
854 2599 981 2673 putaret
1001 2591 1175 2670 inimicum,
1209 2610 1340 2676 eamque
1369 2611 1435 2653 rem
1462 2591 1552 2672 plane

229 2686 336 2749 iacere
357 2697 482 2768 posset,
515 2697 548 2748 ut
574 2686 617 2761 is,
651 2685 797 2767 iuquam,
829 2706 870 2748 ex
894 2706 931 2748 ca
958 2686 1084 2772 legione
1108 2685 1139 2748 iu
1162 2685 1252 2749 aliam
1273 2683 1409 2748 transire
1429 2696 1550 2767 posset,

229 2798 269 2841 ne
289 2777 446 2861 iniquitati
468 2778 627 2842 obnoxius
649 2790 744 2842 essct.
779 2779 863 2842 Ean.

313 2870 413 2937 Cous.
435 2873 563 2937 Anima
587 2872 745 2948 Mauors,
769 2872 898 2950 Decus,
925 2873 1111 2940 succinae.

564 3032 721 3096 Mutuum
743 3031 785 3095 de
806 3031 998 3097 triumuiris
1020 3033 1214 3097 mensariis.

316 3154 464 3233 „Romae
488 3155 533 3234 (a.
556 3176 589 3217 u.
614 3154 705 3233 537.)
725 3165 860 3236 propter
882 3155 1042 3237 penuriam
1066 3155 1190 3240 argenti
1215 3153 1373 3219 triumviri
1396 3149 1550 3225 mensarii,

229 3246 399 3331 rogatione
420 3249 475 3312 M.
496 3247 647 3313 Minucii
668 3247 925 3331 tribuniplebis,
956 3248 1035 3312 facti
1058 3250 1102 3312 L.
1126 3248 1280 3312 Aemilius
1305 3249 1413 3331 Papus
1436 3258 1469 3312 et
1497 3247 1548 3311 M.

229 3340 347 3407 Atilius
370 3341 514 3427 Regulus
536 3355 567 3406 et
588 3343 632 3405 L.
657 3342 844 3406 Scribonius
865 3343 988 3408 Lib0.''
1022 3342 1100 3407 Liv.
1124 3342 1261 3408 XXlll.
1285 3344 1338 3406 tl.

687 3504 806 3567 Mucia
828 3502 870 3566 de
891 3507 931 3567 L.
954 3503 1100 3570 Tubulo.

316 3623 394 3708 „Au
410 3634 444 3687 tu
466 3642 515 3688 me
536 3625 575 3687 de
595 3625 638 3688 L.
661 3625 792 3689 Tubulo
814 3637 906 3707 putas
929 3624 1057 3689 dicere?
1080 3624 1224 3710 quicum
1248 3636 1380 3710 praetor
1394 3624 1552 3708 quaestio·

231 3736 301 3784 uem
325 3717 407 3782 iuter
429 3718 562 3784 sicarios
586 3717 799 3796 exercuisset,
823 3720 998 3802 itaapeste
1022 3718 1107 3802 cepit
1129 3719 1277 3803 pecunias
1304 3722 1348 3785 ob
1371 3712 1440 3782 cem
1470 3718 1551 3782 iudi·

232 3815 379 3888 caudam,
402 3823 437 3875 ut
451 3833 534 3877 anuo
549 3811 699 3896 proximu
722 3816 769 3890 (u.
785 3835 817 3876 c.
834 3813 922 3892 612.)
944 3816 983 3878 P.
1000 3817 1162 3878 Scaeuola
1176 3815 1321 3897 tribunus
1336 3813 1439 3896 plebis
1453 3813 1553 3877 lcrret

232 3911 270 3971 ad
289 3908 434 3991 plebem,
458 3907 615 3971 vellentne
635 3909 673 3968 de
692 3928 728 3970 ea
746 3927 781 3970 re
803 3905 925 3992 quaeri.
971 3907 1046 3988 Quo
1062 3908 1148 3990 plebi
1164 3907 1247 3971 scito
1265 3909 1391 3971 decreta
1409 3928 1426 3970 a
1442 3918 1552 3971 senatu

231 4012 279 4065 cst
292 4000 413 4065 consuli
431 4002 576 4087 quaestio
591 4000 654 4067 Cn.
677 4000 845 4083 Caepioni.
875 3998 1048 4065 Proiectus
1062 4002 1091 4066 iu
1109 4002 1253 4066 exsilium
1267 4002 1415 4066 Tubulus
1434 4003 1548 4076 statim,

231 4114 291 4159 uec
312 4099 506 4179 respondere
527 4116 642 4159 ausus:
668 4095 837 4159 eratenim
860 4116 912 4158 res
934 4096 1079 4178 aperta.''
1113 4098 1151 4160 de
1173 4096 1268 4163 Fiuu.
1292 4095 1338 4163 11.
1361 4100 1419 4174 15,
1445 4100 1499 4163 dd.

262 4190 265 4195 ’
316 4188 415 4255 Coos.
438 4188 667 4255 Onomasticon
696 4208 724 4253 s.
749 4211 781 4253 v.
812 4190 854 4256 P.
878 4190 1010 4255 Mucius
1033 4190 1211 4255 Scationa
1235 4203 1266 4255 et
1295 4192 1339 4254 L.
1367 4190 1553 4258 Hosninaus

235 4284 403 4349 Tutunus.

470 4445 816 4510 Menaechmum.
859 4444 937 4508 Vid.
962 4447 1100 4508 Lacunis
1123 4456 1154 4508 et
1178 4446 1310 4510 Mucia.
1428 4481 1434 4491 ·

401 4604 455 4668 Dn
477 4625 613 4670 munna:
648 4604 795 4671 Aternia
815 4612 847 4668 ct
869 4603 1038 4688 Tarpeia,
1060 4602 1153 4669 Iulia
1174 4617 1208 4669 et
1228 4592 1382 4693 Papiria.

582 4755 814 4819 Nnunaasaana
837 4753 1013 4832 munuc,
1036 4754 1204 4820 Cornelio.
