3202 5318
212 298 276 381 tro
694 272 1048 377 murmontis.

210 455 379 522 libertinis
399 454 437 519 in
457 452 613 519 omnibus
634 451 791 518 tribubus
810 450 1025 543 sssffrngium
1045 461 1152 525 earet,
1175 448 1270 534 idque
1289 473 1347 533 per
1364 453 1532 518 tumultum

211 564 338 639 ageret,
378 559 411 612 et
441 547 557 610 clivum
587 546 804 629 Capitolinum
834 546 1014 618 obsideret,
1052 544 1241 608 discusserat
1273 559 1528 632 perruperatque

210 656 338 709 coetum
362 640 523 706 Domitius
546 639 609 717 ita,
640 651 674 704 ut
698 638 786 704 multi
814 639 1050 705 Manlianorum
1080 636 1368 704 interficerentur.''
1403 642 1528 706 Ancon.

209 736 243 803 in
266 738 385 804 Milon.
409 759 442 822 p.
464 736 516 799 db.

294 831 514 898 Conseruntur
536 832 693 895 Susrrcm
716 840 748 893 et
770 829 928 893 Manium
951 828 1092 894 eiusdem
1115 828 1303 914 argumenti.

307 983 316 1007 Ι
377 1013 523 1076 Mauors
552 1010 594 1073 de
619 1007 778 1072 creandis
805 1007 996 1071 triumuiris
1024 1007 1238 1092 epulonibus.
1282 1008 1362 1074 Vid.
1392 1011 1532 1075 chruaa

566 1104 608 1168 de
629 1125 678 1168 cr.
699 1116 746 1168 tr.
769 1103 971 1186 epulonibus
994 1105 1042 1185 (p.
1068 1104 1170 1183 bib).

656 1273 796 1335 Mancia
819 1272 861 1336 de
883 1273 1086 1357 Liguribus.

292 1395 475 1480 ,Consules
497 1394 553 1478 (C.
578 1393 736 1476 Popillius
760 1405 792 1458 et
815 1396 855 1458 P.
878 1395 991 1459 Aelius
1013 1417 1043 1457 a.
1067 1417 1099 1460 u.
1121 1395 1211 1476 581.)
1233 1398 1272 1458 ad
1297 1395 1326 1457 id
1348 1406 1474 1478 tempus
1500 1396 1528 1459 in

205 1493 406 1583 provinciam
437 1491 605 1578 (Ligures)
635 1511 699 1554 uon
729 1489 886 1566 exierant,
922 1489 995 1573 quia
1029 1511 1130 1572 neque
1160 1490 1204 1552 uti
1233 1493 1271 1552 de
1303 1492 1355 1554 M.
1385 1490 1528 1571 Popillio

207 1586 353 1669 (alterius
368 1586 507 1650 consulis
526 1585 645 1660 fratre,
670 1583 723 1668 quii
742 1583 853 1647 consul
876 1605 905 1646 a.
930 1584 1004 1646 580.
1031 1583 1206 1667 Liguribus
1226 1583 1336 1648 deditis
1356 1606 1441 1647 arma
1459 1605 1525 1648 orn·

191 1682 301 1755 ¹uibus
322 1682 500 1754 ademerat,
532 1677 683 1761 oppidum
707 1677 865 1754 diruerat,
898 1677 985 1759 ipsos
1013 1678 1161 1760 bonaque
1190 1698 1300 1740 eorum
1330 1678 1527 1758 vendiderat)

206 1775 365 1838 referrent
387 1770 508 1836 senatui
530 1774 790 1855 obsequebantur
812 1783 844 1833 et
865 1771 940 1834 nihil
967 1771 1049 1833 aliud
1072 1772 1242 1834 decernere
1268 1773 1355 1853 prius
1378 1784 1528 1835 statutum

206 1869 349 1953 patribus
372 1879 458 1930 erat.
490 1878 580 1929 aucta
604 1865 696 1928 etiam
719 1864 835 1928 invidia
859 1878 907 1929 est
928 1864 1060 1945 Popillii
1086 1863 1198 1927 litteris
1218 1865 1304 1942 eius,
1334 1867 1449 1951 quibus
1471 1867 1528 1930 ite·

205 1983 275 2025 rom
296 1983 365 2024 eum
388 1960 526 2024 Statellis
548 1956 726 2045 Liguribus
749 1959 923 2043 proconsul
944 1980 1105 2043 pugnasse
1127 1981 1161 2021 se
1181 1959 1309 2041 scripsit
1331 1981 1368 2022 ac
1391 1961 1528 2023 sedecim

204 2054 290 2120 milia
309 2076 419 2120 corium
444 2053 618 2127 occidisse3
640 2065 776 2136 propter
793 2053 889 2116 eurisis
902 2052 1042 2115 iniuriam
1060 2054 1136 2116 belli
1158 2053 1257 2116 ceteri
1276 2075 1404 2137 qumque
1427 2055 1530 2140 Ligu-

205 2171 275 2214 rurn
306 2148 419 2232 populi
449 2151 487 2211 ad
516 2170 603 2210 arma
629 2147 752 2211 ierunt.
788 2160 853 2209 turn
885 2169 964 2210 vero
991 2169 1055 2211 nou
1083 2150 1196 2210 absens
1226 2150 1321 2210 modo
1350 2148 1528 2228 Popillius,

205 2246 259 2330 qui
285 2243 398 2309 deditis
420 2254 532 2306 contra
561 2241 609 2305 ius
632 2263 670 2304 ae
690 2242 737 2305 las
762 2241 878 2304 bellum
903 2240 1057 2303 intulisset
1086 2253 1117 2304 et
1145 2253 1275 2324 pacatos
1302 2243 1340 2303 ad
1362 2240 1528 2305 rebellium

204 2338 380 2413 incitasset,
405 2339 461 2401 sed
480 2335 643 2411 eonsules,
668 2337 754 2418 quod
776 2356 840 2399 nou
863 2333 989 2399 exirent
1006 2336 1038 2397 iu
1059 2335 1273 2418 provinciam,
1298 2335 1329 2397 in
1353 2349 1462 2398 senatu
1482 2339 1528 2398 in-

205 2431 335 2515 crepiti.
358 2432 422 2495 hoc
445 2452 601 2495 consensu
624 2441 749 2513 patrum
773 2431 895 2492 accensi
916 2433 972 2494 M.
995 2430 1156 2496 Marcius
1177 2432 1299 2493 Sermo
1321 2432 1409 2511 etQ.
1426 2432 1528 2494 Mar-

204 2526 279 2593 cius
301 2528 421 2614 Scylla
443 2524 560 2589 tribuni
590 2523 693 2605 plebis
723 2535 754 2587 et
783 2523 964 2588 consulibus
992 2525 1118 2587 intritam
1145 2544 1180 2587 se
1209 2523 1370 2597 dicturos,
1406 2523 1466 2588 nisi
1495 2525 1525 2587 iu

203 2620 401 2705 provinciam
425 2618 567 2693 exirent,
601 2618 839 2694 denuntiarunt,
875 2630 906 2681 et
933 2617 1134 2703 rogationem
1161 2637 1252 2699 quam
1283 2618 1321 2679 de
1349 2617 1526 2701 Liguribus

205 2714 317 2780 deditis
333 2715 542 2797 promulgare
562 2713 592 2775 in
613 2712 716 2776 animo
733 2713 903 2785 haberent,
928 2710 958 2776 iu
975 2724 1085 2775 senatu
1107 2711 1300 2775 recitarunt.
1323 2713 1526 2775 sanciebatur

203 2820 238 2873 ut
262 2807 316 2890 quii
335 2829 375 2870 ex
395 2807 534 2870 Statellis
557 2806 669 2869 deditis
691 2805 722 2867 in
746 2806 921 2868 libertatem
942 2807 1106 2868 restitutus
1129 2818 1200 2868 aut'e
1223 2806 1370 2868 kalendas
1388 2804 1525 2869 Sextiles

202 2902 322 2985 primns
345 2901 407 2964 nori
428 2913 526 2976 esset,
552 2901 639 2962 cuius
660 2899 735 2963 dolo
761 2901 841 2963 malo
864 2899 890 2961 is
911 2898 942 2960 in
965 2900 1150 2963 servitutem
1170 2900 1326 2973 venisset,
1352 2912 1385 2961 ut
1404 2898 1525 2962 iuratus

203 3008 331 3058 senatus
354 2997 540 3057 decerneret
561 2994 615 3076 qui
632 3015 698 3056 eam
716 3014 782 3057 rem
802 3005 969 3076 quaereret
990 2993 1337 3077 animadverteretque.
1362 3015 1402 3055 ex
1418 3006 1528 3058 arieto·

202 3088 296 3152 ritate
329 3089 438 3150 deiude
467 3098 596 3150 renatus
621 3109 688 3149 earu
717 3089 916 3171 rogationem
951 3089 1207 3173 promulgarunt.
1230 3131 1272 3142 -
1310 3089 1525 3173 Rogationem

201 3181 378 3249 Marciam
400 3183 439 3244 dc
455 3181 631 3265 Liguribus
657 3203 772 3264 magno
793 3202 947 3245 consensu
970 3182 1080 3276 plebes
1101 3181 1192 3246 scivit
1217 3180 1382 3266 iussitque.
1407 3215 1449 3228 -
1472 3184 1525 3245 Μ.

202 3274 361 3360 Popillius
386 3277 556 3361 rogatione
584 3276 725 3340 Mareia
747 3275 795 3338 bis
821 3277 903 3357 apud
932 3274 973 3339 C.
1004 3276 1160 3339 Licinium
1185 3279 1397 3358 (praetorem,
1432 3298 1526 3360 quiem

68 3434 76 3443 ,
202 3392 239 3435 ea
269 3369 437 3456 rogatione
467 3391 622 3457 quiaerere
644 3382 750 3451 patres
777 3370 947 3447 iusserant)
970 3391 1093 3433 causam
1122 3369 1219 3433 dixit:
1253 3369 1348 3434 tertio
1377 3384 1524 3452 praetor,

201 3463 305 3553 gratia
338 3463 478 3529 consulis
511 3464 650 3527 absentis
679 3475 711 3527 et
741 3462 899 3546 Popilliae
925 3462 1058 3527 familiae
1085 3465 1234 3546 precibus
1261 3465 1380 3540 victus,
1420 3464 1524 3528 idibus

202 3556 331 3624 Martiis
356 3561 466 3622 adesse
488 3580 577 3621 reum
604 3559 711 3635 iussit,
737 3557 871 3640 quodie
894 3556 971 3620 novi
998 3558 1198 3642 magistratus
1221 3557 1326 3621 inituri
1351 3570 1441 3622 erant
1468 3560 1525 3622 ho·

200 3673 330 3729 norem,
355 3675 393 3716 ne
416 3653 536 3718 diceret
557 3652 605 3716 ios
628 3651 682 3738 qui
707 3653 851 3734 privatus
874 3653 1000 3717 sistimus
1024 3664 1125 3716 esset.
1149 3653 1191 3715 ita
1214 3653 1341 3738 rogatio
1365 3655 1404 3715 de
1421 3651 1523 3739 Ligu-

199 3746 287 3812 ribus
310 3761 377 3811 arte
397 3746 505 3811 fallaci
527 3747 612 3811 elusa
635 3746 717 3810 est.'’
750 3746 827 3811 Lis.
850 3748 966 3812 XLII.
991 3748 1044 3811 29.

698 3908 837 3970 blancis
859 3909 1018 3992 agrario.

286 4030 349 4113 „In
369 4028 477 4115 primis
494 4041 595 4092 autem
616 4029 782 4094 videndum
803 4029 862 4092 erit
883 4028 928 4103 ei,
953 4027 1088 4115 quirem
1105 4029 1261 4110 publicam
1278 4016 1519 4104 administrabit,

199 4136 234 4190 ut
262 4147 352 4189 suum
375 4124 510 4210 quisque
536 4136 641 4186 teneat
672 4146 774 4207 neque
800 4127 838 4186 de
865 4124 957 4187 bonis
979 4125 1175 4206 privatorum
1201 4124 1327 4206 publice
1349 4122 1523 4187 deminutio

197 4218 268 4283 fiat.
311 4204 500 4283 Perniciose
532 4218 611 4281 enim
639 4219 817 4301 Philippus
844 4217 874 4279 in
901 4220 1078 4295 tribunatu,
1111 4240 1181 4280 cum
1211 4218 1313 4301 legem
1340 4217 1523 4301 agrariam

198 4312 314 4391 derret,
338 4335 432 4397 qrraiu
459 4324 560 4375 tamen
584 4313 739 4396 antiquari
762 4311 856 4374 facile
878 4333 989 4392 passus
1012 4323 1060 4374 est
1081 4323 1111 4372 et
1137 4311 1168 4373 in
1193 4332 1232 4375 eo
1259 4313 1465 4373 vehementer
1488 4312 1521 4375 se¹

199 4409 395 4469 moderatum
418 4406 584 4488 praebuit:
616 4408 673 4469 sed
695 4427 764 4469 cum
787 4405 820 4468 in
847 4410 973 4491 agendo
997 4406 1092 4469 multa
1119 4405 1333 4486 populariter,
1356 4417 1422 4468 tum
1445 4405 1520 4469 illud

199 4498 297 4572 maie,
322 4520 473 4564 nonense
493 4500 523 4563 iu
546 4500 674 4563 civitate
695 4504 757 4565 diro
781 4500 863 4563 milia
883 4499 1060 4574 bominum,
1086 4499 1140 4582 quii
1159 4521 1224 4563 rem
1243 4502 1410 4564 haberent.
1456 4500 1520 4566 Ca·

197 4588 303 4675 pitalis
328 4593 433 4657 oratio
462 4605 493 4658 et
518 4597 557 4657 ad
584 4594 801 4677 aequationem
833 4596 992 4658 bonorum
1018 4592 1199 4675 pertinens:
1233 4616 1295 4679 qua
1320 4607 1409 4678 peste
1437 4617 1518 4680 quae

197 4693 396 4768 potestesse
419 4687 571 4752 maior?''
594 4692 633 4751 de
656 4688 751 4754 offic.
774 4688 820 4754 Π.
843 4688 899 4762 21,
924 4688 976 4751 73.

283 4776 343 4839 Est
363 4782 405 4842 L.
428 4778 560 4846 Marcii
580 4781 744 4865 Philippi,
767 4780 886 4847 tribuni
908 4779 1009 4866 plebis
1032 4802 1063 4844 a.
1086 4802 1119 4844 n.
1142 4803 1173 4846 c.
1197 4780 1271 4846 ott.
