3202 5318
538 308 969 441 eunuco-numum.
1414 333 1455 400 aa

127 464 260 529 iudicer
282 462 396 542 scant.
449 464 517 528 los.
544 464 695 549 'Scaliger
722 477 753 528 et
777 466 915 532 Vossius
938 469 979 531 ad
1003 467 1123 534 Catull.
1146 493 1177 553 p.
1200 472 1252 534 22.
1276 473 1342 558 legi
1365 477 1455 540 volc-

127 561 203 623 bant
227 559 410 641 σιττῦβους.
434 581 504 621 nam
534 561 598 623 hoc
619 581 689 623 esse
719 582 768 644 ep.
799 564 830 624 5.
860 573 892 624 et
919 575 1033 626 octana
1061 566 1225 646 putabant.
1269 569 1333 631 Sed
1352 570 1456 634 Grae·

127 654 196 717 rius
218 664 309 717 recte
338 654 435 728 vidit,
471 649 640 737 σιττόβους
664 675 732 718 esse
759 657 798 717 ab
820 654 871 719 his
897 657 977 720 locis
1004 656 1126 722 alienos
1145 679 1210 722 uon
1234 660 1337 724 minure
1362 686 1456 748 quam

127 751 295 832 σιτιύβας.
320 749 491 830 σιττύβους
514 771 585 813 esse
607 752 696 813 ollas
718 761 850 814 auctore
873 751 1028 827 Polluce,
1053 754 1207 836 σιττύβας
1224 765 1327 818 autem
1347 771 1456 824 water

125 845 288 928 pelliceas
313 854 447 907 auctore
475 843 656 939 Hesychio.
710 843 870 909 petticeas
903 844 986 908 enim
1016 857 1122 909 vestes
1145 846 1345 913 involvendis
1368 850 1456 916 libris

127 940 388 1002 accommodatas
409 959 498 1012 esse,
523 958 586 1001 uon
609 938 708 1001 titulis
731 938 900 1003 librorum.
944 941 1055 1025 ltaque
1079 962 1141 1022 pro
1169 939 1352 1024 συλλάβοὺς
1376 945 1456 1031 legit

129 1034 325 1114 σιλλύβους,
356 1044 388 1095 et
411 1032 546 1117 sillybis
567 1053 629 1114 pro
651 1032 804 1119 sittybis.
849 1034 1030 1113 Hesychius
1051 1041 1207 1117 σίλλυβον
1228 1035 1457 1122 iuterpretatur

129 1129 164 1195 τὸ
194 1134 257 1193 τῶν
287 1135 428 1209 βιβλίων
456 1132 569 1213 δέρμα.
625 1126 821 1191 Huiusmodi
853 1128 955 1200 tituli,
990 1128 1105 1212 quibus
1133 1141 1298 1193 auctorum
1330 1132 1455 1197 uomina

128 1222 405 1298 inscribebantur,
431 1220 534 1303 etqui
556 1221 645 1284 libris
663 1220 963 1307 agglutinabautur,
987 1224 1251 1306 quemadmodum
1278 1223 1371 1288 etiam
1393 1228 1456 1292 ho·

129 1316 181 1379 die
214 1315 427 1401 elegantiores
456 1317 549 1381 libris
585 1316 650 1380 suis
683 1315 864 1381 huiusmodi
899 1318 1129 1380 membraurdas
1161 1318 1404 1403 agglutinandas
1438 1343 1456 1386 a

129 1410 324 1496 bibliopegis
349 1423 481 1488 curant,
514 1413 629 1496 quibus
657 1411 730 1475 libri
753 1423 866 1475 auctor
893 1423 924 1475 et
949 1412 1059 1475 titulus
1084 1411 1187 1475 astreis
1215 1412 1329 1476 litteris
1353 1413 1456 1479 inuri·

128 1515 200 1569 tu:
233 1505 411 1570 cuiusmodi
436 1506 519 1571 tituli
545 1508 638 1570 etiam
664 1509 819 1573 πιττάκια
843 1507 1001 1570 dicuntur.
1023 1508 1061 1570 de
1083 1507 1252 1588 σιλλύβοις
1269 1527 1303 1570 v.
1322 1508 1456 1574 Salmas.

129 1602 165 1662 ad
189 1597 371 1683 Capitolini
395 1601 522 1666 Pertin.
546 1624 621 1686 pag.
643 1603 747 1666 5195.
792 1603 884 1665 Haec
901 1599 1074 1664 Graevius.
1120 1599 1271 1666 Ceterum
1289 1599 1386 1667 facile
1407 1602 1457 1666 in·

132 1694 233 1780 telligi
255 1705 386 1777 potest,
421 1699 504 1759 rende
524 1698 604 1759 haec
630 1697 763 1760 mutatio
790 1707 860 1760 orta
887 1695 940 1758 sit.
986 1696 1047 1758 'Ex
1068 1695 1203 1783 sillybis
1225 1694 1328 1758 facilis
1354 1710 1455 1760 murta-

127 1788 172 1852 tin
194 1786 229 1852 in
250 1788 405 1875 sittybie.
453 1791 506 1853 Ex
525 1792 698 1873 σιλλύβους
720 1801 821 1852 autem
853 1788 1053 1853 manifestum
1083 1801 1130 1852 est
1158 1789 1308 1854 librarios
1340 1791 1455 1857 iecisse

129 1884 329 1966 συλλάβους,
353 1885 507 1967 deceptos
533 1906 613 1948 voce
636 1885 776 1948 indices.
819 1887 901 1948 Nam
923 1884 1053 1949 indices
1071 1904 1146 1959 eos,
1170 1904 1253 1966 quos
1271 1885 1371 1969 volgo
1394 1907 1454 1951 vo·

128 2000 255 2052 umus,
279 1979 315 2041 h.
338 1999 368 2040 e.
393 1982 599 2063 Cotologus,
621 1979 801 2063 Register,
826 1981 1009 2061 συλλάβους
1030 1978 1091 2043 dici
1117 1997 1233 2060 posse,
1256 1977 1454 2041 notissimum

129 2083 186 2137 est.
232 2072 354 2137 Dehis
377 2072 437 2135 dici
459 2075 630 2155 pritabant,
661 2096 764 2156 neque
786 2073 1023 2158 intelligebant,
1056 2075 1094 2134 de
1121 2072 1220 2156 longe
1246 2069 1314 2134 aliis
1343 2071 1454 2135 indici-

128 2168 202 2243 bos,
226 2167 261 2230 h.
282 2187 313 2230 e.
341 2169 380 2229 de
405 2165 460 2240 iis,
484 2167 538 2250 qui
568 2167 741 2231 iudicarent
766 2168 840 2230 libri
865 2180 1026 2229 auctorem
1051 2175 1147 2250 atque
1169 2168 1249 2228 adeo
1272 2163 1456 2251 inscriptio·

127 2281 198 2323 nem
221 2271 255 2322 et
280 2273 523 2346 argumentum,
554 2283 732 2327 sermonem
760 2283 841 2324 esse.
894 2264 975 2325 Erat
999 2271 1167 2341 praeterea
1190 2258 1300 2342 ignota
1322 2259 1359 2323 iis
1388 2282 1455 2325 vox

127 2361 301 2439 σίλλυβος,
331 2366 369 2418 ut
393 2368 576 2438 corruptam
607 2357 778 2421 lectionem
814 2367 847 2418 et
874 2355 904 2418 in
935 2355 1120 2436 συλλάβους
1142 2353 1320 2416 mutandam
1346 2374 1455 2419 cense-

127 2462 212 2514 rent.
254 2450 342 2515 Enu-

210 2544 371 2625 Σκάφος,
392 2545 583 2627 nauigium.
629 2547 668 2607 ad
689 2545 760 2611 Art.
784 2543 863 2613 vlt.
887 2543 926 2614 3,
958 2543 989 2607 5.

211 2639 355 2724 Σκέμμα
378 2661 546 2722 magnum,
578 2662 631 2705 res
661 2660 791 2722 magna
815 2637 1090 2703 consideratione
1116 2636 1240 2721 digna,
1273 2637 1378 2702 etiam
1401 2632 1470 2703 ot?

128 2755 194 2820 qtae
217 2734 326 2797 etiam
351 2733 615 2799 considerando.
661 2736 765 2819 „Ego
788 2732 865 2818 qttid
886 2754 995 2817 agam,
1026 2745 1157 2816 σκέμμα
1180 2731 1370 2817 magnum.”
1414 2736 1455 2798 ad

128 2831 199 2892 Au.
224 2827 309 2892 Vll.
333 2827 392 2902 tt,
415 2828 447 2890 3.

212 2924 368 3000 latebat,
400 2914 594 2986 considera.
641 2925 680 2984 ad
703 2924 774 2986 All.
798 2923 882 2986 XII.
907 2923 945 2997 3,
975 2922 1007 2986 9.
1082 2996 1085 3004 .

213 3018 430 3099 Σκήπτομαι,
459 3018 693 3101 tergiversor,
729 3037 843 3080 morat
874 3029 971 3080 necto
998 3017 1220 3096 excusando,
1253 3016 1453 3082 drebitonclo.

134 3113 216 3193 „nte
240 3122 354 3193 urget:
380 3133 443 3193 ego
469 3123 571 3173 autem
599 3113 823 3195 σκιίπτομαι.”
867 3113 907 3172 ad
929 3111 1001 3173 Att.
1024 3111 1125 3173 XVI.
1149 3112 1181 3174 9.

213 3205 379 3285 Σκήψεις,
402 3206 657 3269 excusationes.
704 3208 794 3285 „Sed
814 3216 847 3267 ut
863 3211 902 3266 ad
924 3203 1024 3285 prima
1047 3203 1100 3265 illa
1129 3207 1269 3281 redeam,
1295 3205 1372 3269 nihil
1392 3230 1454 3291 ego

134 3300 178 3362 illa
197 3299 430 3382 impudentius,
455 3300 604 3372 astutius,
631 3301 743 3362 leutius
762 3299 842 3361 vidi:
867 3298 1016 3361 libertum
1044 3298 1155 3361 mitto:
1181 3297 1260 3362 Tito
1287 3303 1451 3366 mandavi:

135 3396 269 3473 σκήψεις
294 3405 389 3475 atque
415 3392 613 3473 nannetens’
658 3395 697 3456 ad
719 3398 788 3457 Au.
814 3395 840 3456 l.
864 3394 925 3469 12,
952 3397 983 3454 1.

208 3489 448 3570 Σκιαμαχίαι,
474 3487 672 3549 umbratiles
690 3508 848 3570 pugnae,
873 3487 1062 3549 simulacra
1079 3508 1293 3568 pugnorum.
1341 3492 1455 3564 „Tau-

137 3590 191 3642 tarn
214 3602 306 3664 spem
330 3581 479 3642 attulerat
499 3581 686 3662 exploratae
709 3579 861 3644 victoriae
885 3592 938 3642 tua
965 3582 1132 3662 praeclara
1155 3581 1283 3644 Mutiuel
1306 3583 1452 3666 eruptio,

139 3674 207 3758 iuga
230 3675 367 3738 Antonii
393 3675 526 3738 conciso
552 3674 712 3750 exercitu,
738 3685 773 3736 ut
791 3675 928 3738 omnium
953 3674 1046 3737 animi
1068 3674 1202 3736 relaxati
1218 3675 1281 3736 sint
1304 3697 1455 3758 meaeque

139 3767 201 3832 illae
233 3769 436 3832 vehementes
471 3767 690 3832 contentiones
719 3780 878 3855 tamquam
912 3781 1112 3853 σκιαμαχίαι
1144 3789 1213 3830 esse
1243 3766 1454 3833 videantur.''

142 3863 171 3925 al
189 3863 281 3927 Fam.
303 3863 366 3925 xl.
389 3865 447 3939 tlt,
475 3867 505 3924 1.

215 3953 363 4032 Σκολιά,
395 3954 551 4041 oblique,
585 3969 766 4032 tortuosa,
802 3959 835 4019 h.
866 3979 896 4018 c.
920 3957 1068 4036 fraudes,
1105 3956 1189 4034 doli,
1224 3956 1453 4022 siuurlationes.

143 4052 286 4129 ,Σκολιὰ
310 4049 368 4113 tibi
391 4051 486 4114 video
509 4050 675 4132 plaeerc.''
720 4053 757 4112 ad
781 4054 852 4114 Att.
876 4052 980 4115 Xlll.
1005 4054 1064 4127 39,
1090 4057 1120 4117 1.
1203 4130 1210 4143 ·

215 4148 363 4220 Σκολιᾶς
382 4147 521 4220 ἀπάτας.
546 4148 585 4207 ad
608 4149 679 4207 Au.
704 4146 807 4208 XIIl.
833 4147 892 4220 11,
925 4149 955 4208 1.
1002 4147 1080 4211 Vid.
1105 4149 1257 4232 Πότερον
1281 4151 1372 4220 δίκας
1390 4153 1453 4212 κτλ.

217 4239 368 4315 Σκοπός,
391 4263 536 4324 scopare,
561 4239 738 4313 ultimum,
755 4239 862 4317 finis.
906 4243 1059 4317 ,Σκοπὸς
1077 4255 1146 4315 est,
1172 4252 1204 4302 ut
1227 4238 1393 4320 suspicor,
1417 4239 1456 4302 il⁴

146 4331 171 4392 lis
196 4335 251 4418 qui
281 4345 405 4407 teuent,
441 4334 556 4395 nullam
584 4334 729 4417 cuiquam
754 4333 956 4416 largitionem
982 4334 1202 4418 relinquere.’'
1247 4332 1453 4397 atAu.11.

149 4428 190 4501 tt,
217 4433 247 4491 1.
271 4461 315 4472 -
339 4480 355 4508 ‚,
368 4428 482 4491 Neutri
500 4428 622 4502 σκοπὸς
639 4439 686 4489 est
708 4427 777 4500 ille,
805 4439 838 4488 ut
853 4451 912 4492 nos
930 4430 1014 4491 beati
1034 4429 1148 4501 simus;
1172 4440 1304 4511 uterque
1320 4449 1455 4511 regnare

150 4522 244 4584 must
290 4525 330 4584 ad
354 4524 426 4584 Art.
451 4523 552 4586 Vlll.
579 4527 636 4596 11,
662 4521 693 4582 2.
718 4553 759 4564 -
803 4525 841 4583 ad
865 4524 937 4585 Art.
961 4523 1042 4586 XV.
1067 4522 1126 4597 29,
1152 4522 1181 4586 9.

215 4617 404 4692 Σκοτεινός,
427 4616 638 4679 tenebrosus.
685 4615 876 4697 Cognomeu
893 4615 1066 4690 Heracliti,
1091 4615 1172 4699 „qiu
1196 4617 1358 4693 oxoreeui‘r
1379 4639 1454 4701 per-

151 4704 271 4787 libetur,
297 4712 370 4797 quia
395 4713 434 4774 de
450 4723 561 4774 natura
577 4710 666 4774 nimis
688 4712 826 4774 obscure
843 4709 1066 4774 memoravit.”
1090 4713 1128 4774 dc
1151 4710 1246 4774 Fiuu.
1270 4712 1317 4776 Il.
1342 4714 1373 4788 5,
1400 4713 1452 4775 15.
