3202 5318
115 409 118 415 ·
137 374 201 444 390
536 372 687 440 INDEX
708 368 1057 439 FORMULARUM.

224 499 356 584 Heres
377 514 592 582 institutus
614 511 830 577 seeundum
852 513 960 576 filiam.
1005 514 1102 577 Verr.
1125 512 1206 576 Ace.
1233 513 1270 588 1,
1295 512 1357 583 11,
1384 511 1460 577 105.

223 614 355 676 Heres
378 616 481 674 meus
505 608 622 672 uxori
644 630 753 671 meae
782 630 971 672 vasorum
1000 618 1287 691 argenteorum
1320 610 1460 690 pondo

139 718 296 771 centum
325 726 420 795 quae
449 703 561 767 volet
589 705 696 766 dato.
730 705 768 767 de
790 702 923 778 Inu‘f,
956 703 1015 777 10,
1045 701 1118 764 116.
1163 698 1263 765 conf.
1295 701 1464 769 Tullius

22 839 25 847 =
138 801 251 864 heres
274 808 416 862 meum*

62 948 85 967 .,
221 889 852 957 HocidemL.Titiovidebatur.
883 890 1267 972 Hoc,quemadmodum
1282 890 1464 970 vos(iure·

136 982 289 1071 consulti)
310 989 451 1051 seribere
471 985 581 1052 soletis
603 985 633 1048 in
662 984 752 1047 libris
774 983 910 1059 vestris,
934 984 1036 1047 idem
1060 983 1103 1064 Q.
1128 982 1335 1049 Cornelio
1358 987 1464 1052 ride·

137 1078 273 1143 batur.
307 1084 345 1143 ad
367 1083 459 1145 Fam.
484 1083 519 1154 7,
546 1081 601 1155 17,
626 1079 658 1142 3.

220 1173 308 1238 Hoc
330 1174 441 1257 plus,
471 1173 571 1259 inquit
596 1173 648 1237 lex
672 1172 705 1236 iu
728 1173 818 1248 XII,
850 1193 894 1234 ne
923 1171 1065 1235 facito.
1111 1173 1264 1257 Regum
1288 1173 1399 1238 ascia
1421 1193 1463 1236 ne

135 1266 286 1353 polito.
315 1270 501 1333 Extenuato
518 1280 644 1351 sumptu
669 1267 802 1330 tribus
825 1264 984 1329 riciniis
1008 1266 1053 1347 [et
1074 1265 1233 1348 vinclis]
1258 1288 1463 1351 purpurae

136 1372 169 1425 et
190 1347 319 1426 decem
343 1361 583 1426 tibicinibus
605 1361 688 1424 tollit
705 1362 800 1424 etiam
820 1359 1092 1423 lamentationem:
1119 1358 1321 1423 Mulieres
1346 1380 1461 1446 genae

134 1476 182 1518 ne
209 1457 385 1521 radunto
415 1477 517 1520 neve
546 1444 697 1520 lessum
725 1454 888 1518 funeris
920 1475 1020 1540 ergo
1053 1455 1241 1518 habento.
1276 1455 1318 1516 de
1348 1456 1459 1541 Legg.

135 1549 175 1628 2,
199 1549 257 1626 23,
283 1551 336 1617 59.

221 1643 436 1708 Hominem
459 1654 673 1720 mortuum,
705 1642 805 1726 inquit
832 1630 884 1704 lex
910 1641 942 1704 in
967 1641 1066 1718 XII,
1097 1640 1133 1704 iu
1155 1644 1253 1705 urbe
1275 1664 1326 1706 ue
1349 1664 1461 1729 sepe·

133 1735 213 1802 lito
235 1758 332 1801 neve
356 1737 476 1801 urito.
513 1741 550 1801 de
573 1741 680 1822 Legg.
704 1738 741 1810 2,
766 1738 824 1811 23,
849 1737 903 1800 58.

217 1830 382 1897 Homini
404 1844 561 1897 mortuo
584 1842 647 1893 eet.
693 1829 810 1895 Cetera
835 1831 908 1893 item
934 1830 1095 1908 funebria,
1131 1831 1244 1916 quibus
1266 1831 1378 1897 luctus
1406 1856 1461 1897 au·

27 1980 35 1990 .
133 1936 247 2011 getur,
277 1924 456 1991 Duodecim
479 1926 687 1989 sustulerunt.
732 1925 914 2000 Homini,
939 1925 1060 2009 iuquit,
1096 1938 1256 1990 mortuo
1287 1949 1337 1991 ne
1365 1950 1461 1994 osea

27 2020 38 2033 '
132 2021 284 2106 legito,
315 2042 392 2107 quo
421 2018 813 2104 postfunuafaeiat.
855 2021 992 2113 ,Excipit
1017 2020 1160 2083 bellicam
1188 2023 1461 2106 peregrinamque

132 2124 281 2180 mortem.
325 2114 414 2179 Haec
436 2126 600 2198 praeterea
623 2113 747 2176 suntin
770 2114 915 2199 legibus:
942 2113 1113 2177 Servilis
1137 2128 1311 2178 unctura
1335 2118 1462 2180 tollitur

133 2207 650 2295 omnisquecireumpotatio.
696 2210 751 2271 Ne
781 2220 1015 2289 sumptuosa
1044 2210 1271 2292 respersio:
1309 2231 1356 2272 ne
1381 2211 1461 2274 loir-

133 2324 205 2392 gae
228 2325 407 2369 coronae
428 2325 499 2367 nee
522 2324 688 2366 acerrae
710 2313 963 2385 praetereantur.
1009 2302 1068 2365 Illa
1090 2302 1150 2365 iam
1174 2302 1371 2387 significatio
1398 2316 1456 2381 est,

131 2396 233 2463 landis
267 2408 451 2462 ornamenta
485 2399 525 2461 ad
554 2410 699 2461 mortuos
733 2398 912 2478 pertinere,
956 2400 1045 2480 quod
1081 2418 1266 2461 coronam
1304 2402 1460 2486 virtute

131 2488 289 2577 partam
319 2504 352 2557 et
379 2493 409 2555 ei
435 2491 488 2575 qui
511 2491 688 2574 peperisset
712 2503 743 2554 et
765 2490 831 2555 eius
856 2491 979 2573 parenti
1010 2491 1096 2554 sine
1118 2490 1264 2556 fraude
1294 2514 1387 2555 esse
1409 2495 1460 2557 lex

132 2585 364 2670 impositam
387 2587 487 2653 iubet.
509 2623 550 2632 -
574 2586 644 2667 Q'ua
664 2585 695 2647 in
718 2586 790 2670 lege
812 2608 881 2647 eum
904 2597 986 2648 esset
1009 2587 1119 2648 Neve
1142 2607 1275 2649 aurum
1301 2590 1457 2663 addito,

132 2702 226 2766 quam
253 2684 388 2744 humane
411 2681 549 2761 excipit:
582 2680 686 2761 Quoi
710 2701 807 2744 auro
832 2683 970 2742 dentes
993 2680 1121 2742 vincti
1143 2694 1306 2757 escunt,
1333 2695 1392 2744 ast
1415 2683 1458 2744 im

132 2796 215 2839 cum
238 2776 311 2839 illo
334 2776 509 2857 sepelire
531 2796 703 2838 urereve
725 2795 765 2837 se
787 2774 926 2837 fraude
949 2786 1045 2838 esto.
1071 2776 1108 2837 de
1132 2776 1242 2860 Legg.
1267 2776 1304 2848 2,
1327 2777 1457 2856 21,60.

131 2870 218 2934 Vide
240 2871 400 2953 Rugum
422 2870 643 2932 bustumve.

195 2953 436 3032 ‘Honestam
462 2968 530 3030 Has
543 2966 679 3030 familias
699 2966 928 3031 honestatis
950 2966 1306 3050 amplitudinisque
1322 2965 1458 3053 gratia

133 3063 308 3127 nomino.
341 3083 403 3143 pro
427 3062 462 3124 S.
486 3061 588 3124 Rosc.
613 3065 725 3126 Amen.
749 3064 785 3136 6,
812 3064 865 3126 15.

217 3158 518 3221 Honoratorum
542 3156 720 3218 virorum
743 3157 888 3220 laudes
910 3157 947 3219 in
969 3156 1160 3222 contione
1184 3165 1460 3221 memorentur

135 3249 287 3332 (laudatio
313 3245 494 3332 funebris:)
522 3269 670 3333 easque
698 3250 816 3313 etiam
846 3264 984 3314 cantus
1013 3254 1058 3314 ad
1085 3249 1295 3313 tibicinem
1324 3271 1461 3335 prose-

135 3353 299 3431 quatur,
324 3343 375 3407 eui
398 3365 512 3406 nomen
539 3343 693 3405 neniae.
729 3347 767 3407 dc
790 3347 898 3431 Legg.
923 3348 959 3422 2,
985 3348 1042 3422 21,
1069 3347 1123 3409 62.

220 3438 426 3502 Honorem
449 3437 645 3519 praefari.
674 3439 743 3501 Nos
760 3452 862 3502 autem
879 3441 1028 3515 ridicule:
1052 3441 1078 3503 si
1094 3441 1241 3505 dicimus:
1265 3440 1321 3503 ille
1337 3451 1458 3524 patrem

135 3531 363 3616 strangulavit:
397 3533 591 3595 honorem
614 3553 688 3595 non
711 3524 962 3614 praefamur}
987 3535 1035 3598 sin
1059 3538 1096 3599 de
1112 3535 1243 3599 Aurelia
1267 3532 1458 3619 aliquidaut

135 3627 263 3702 Lollia,
285 3629 413 3690 honos
434 3626 679 3709 praefandus
702 3640 773 3690 est.
798 3631 837 3690 ad
853 3630 943 3692 Fam.
968 3629 1005 3703 9,
1031 3631 1087 3705 22,
1113 3631 1143 3693 1.
1159 3661 1199 3674 -
1217 3627 1338 3693 Cetera
1362 3628 1455 3702 addit,

135 3720 267 3807 quaesi
289 3720 446 3803 appelles,
470 3723 597 3784 honos
620 3722 862 3804 praefandus
887 3734 946 3786 est.
981 3726 1019 3786 de
1042 3724 1137 3787 Finn.
1161 3724 1198 3798 2,
1225 3724 1284 3796 10,
1311 3723 1366 3788 29.

220 3813 408 3880 Honoris
437 3814 568 3900 gratia
597 3815 804 3881 nominare
834 3817 981 3901 aliquem.
1015 3840 1077 3900 pro
1101 3817 1251 3900 Quinctio
1279 3820 1317 3892 7,
1343 3816 1399 3880 28.
1422 3851 1460 3864 ·-

135 3909 317 3975 Honoris
340 3929 459 3972 eausa
481 3910 696 3973 nominare.
721 3932 781 3992 pro
805 3913 839 3975 S.
865 3912 986 3975 Roscio
1010 3916 1122 3976 Amer.
1147 3913 1185 3987 3,
1210 3913 1242 3975 6.
1287 3901 1289 3904 ’

220 4002 455 4086 Hospitium
479 4005 714 4067 renuntiare
738 4004 842 4068 alicui.
878 4006 977 4068 Verr.
1001 4010 1122 4070 Aecus.
1147 4007 1185 4079 2,
1210 4007 1270 4084 36,
1296 4008 1352 4072 88.

223 4097 397 4162 Hostiae
420 4097 608 4172 maiores,
640 4098 855 4173 lactentes,
887 4101 1033 4175 mares,
1064 4098 1247 4163 feminae.
1284 4104 1324 4165 de
1348 4103 1463 4188 Legg.

137 4192 176 4268 2,
202 4191 258 4267 12,
284 4192 337 4257 29.
362 4229 402 4239 -
424 4192 526 4255 Erant
547 4189 707 4273 (Capuae)
730 4195 887 4255 bestiae
912 4194 1085 4256 maiores
1108 4194 1140 4256 in
1162 4194 1237 4258 foro
1254 4197 1460 4272 constitutae,

138 4306 219 4369 quae
236 4286 275 4347 ab
294 4284 343 4349 his
359 4285 560 4368 praetoribus
583 4287 621 4348 de
637 4286 804 4363 tribunali,
830 4288 910 4350 sieut
930 4310 946 4350 a
970 4288 1061 4351 nobis
1083 4289 1281 4364 consulibus,
1307 4292 1355 4354 de
1375 4312 1464 4356 con·

137 4377 220 4441 silii
241 4379 448 4443 sententia
470 4381 673 4462 probatae
696 4384 734 4443 ad
756 4403 953 4464 praeconem
965 4395 995 4445 et
1017 4381 1175 4445 tibicinem
1200 4381 1463 4449 immolabantur.

139 4471 178 4535 de
201 4472 273 4555 lege
296 4495 367 4559 agr.
391 4473 427 4550 2,
452 4475 511 4550 31,
536 4474 589 4538 93.

223 4567 480 4633 Hostiliauae
503 4569 703 4635 actiones.
737 4572 775 4632 de
799 4572 859 4635 Or.
886 4574 923 4648 1,
948 4573 1008 4646 57,
1033 4573 1107 4637 213.

223 4658 378 4726 Hostis.
423 4664 537 4728 Hostis
563 4667 646 4746 apud
667 4663 802 4727 maiores
832 4678 959 4730 nostros
988 4665 1014 4729 is
1043 4667 1225 4747 dicebatur,
1259 4687 1355 4752 quem
1383 4690 1464 4733 nunc

137 4752 349 4836 peregrinum
368 4755 510 4820 dicimus.
555 4757 700 4821 Indicant
722 4759 806 4822 XII.
830 4760 972 4835 tabulae,
1006 4771 1057 4823 ut:
1094 4762 1235 4825 Status
1266 4760 1353 4826 dies
1381 4784 1462 4827 cunr

137 4848 270 4924 hoste3
291 4847 447 4931 itemque:
471 4851 677 4923 Adversus
699 4852 852 4918 hostem
875 4865 1042 4920 aeterna
1063 4853 1300 4920 auctoritas.
1324 4858 1366 4921 de
1389 4858 1459 4924 Of.

468 5087 479 5122 f
