3202 5318
132 307 196 436 ‘aco
616 335 972 421 tuuexuuouu.

133 504 207 547 aere
230 481 332 545 alieno
355 498 529 562 oppressus
551 477 717 560 pecuniam
740 488 908 562 acceperat
931 500 949 543 a
972 475 1130 553 Caesare,
1162 497 1201 540 ne
1223 476 1283 541 sibi
1306 476 1337 542 in
1361 480 1464 545 tribu·

134 589 211 643 natu
234 578 468 639 adversaretur.
511 572 604 635 Hanc
625 575 797 637 mercedem
822 595 861 636 ne
880 574 1003 637 frustra
1026 570 1186 653 accepisse
1208 585 1239 636 et
1257 574 1466 658 Pompeianis

134 671 238 754 aliqua
268 669 391 733 ratione
422 667 587 740 adversari
617 668 799 744 videretur,
832 670 921 751 quod
945 667 1038 731 facile
1064 665 1164 730 intelli
1208 668 1280 743 bat,
1312 688 1369 732 eos
1392 669 1467 732 huic

133 763 197 849 legi
224 775 459 848 repugnaturos
487 782 577 825 esse:
612 759 789 876 Ei'oqyeiro
817 757 1011 848 (deperditae
1039 755 1123 826 odeis}
1145 786 1187 826 πο
1209 763 1312 829 daie
1295 756 1470 842 intonanda

134 882 168 924 τι
197 863 252 923 καὶ
279 851 502 933 κατασκευάς,
533 861 588 921 καὶ
616 851 719 922 αὑτὸν
748 851 925 935 ἐπιστάτην
953 851 1062 921 αὐτῶν
1089 856 1138 920 ἐπὶ
1167 863 1337 933 πενταετὲς
1365 846 1468 922 εἶναι.

134 972 216 1036 quae
238 953 338 1014 verba
360 949 593 1014 similitudinem
617 949 684 1012 eius
707 971 776 1012 cnm
799 949 946 1014 Seruilia
966 947 1114 1033 agraria
1126 948 1222 1013 Rulli
1241 949 1316 1011 satis
1337 952 1471 1014 demon·

134 1048 249 1108 strant.
294 1045 352 1128 [Ut
377 1044 458 1106 enirn
482 1044 522 1107 P.
545 1043 701 1106 Servilius
728 1041 877 1106 Rullus
867 1064 900 1105 ιιι
921 1063 957 1105 ea
978 1042 1068 1124 lege,
1099 1062 1192 1125 quam
1219 1044 1258 1105 de
1278 1042 1365 1128 agris
1388 1043 1469 1107 divi·

135 1138 244 1202 dendis
273 1138 303 1200 in
331 1138 491 1202 tribunatu
515 1136 604 1201 serre
626 1146 761 1225 conatus
783 1146 850 1210 est,
886 1137 951 1199 boe
979 1135 1089 1217 petiit,
1122 1147 1155 1198 ut
1179 1135 1245 1218 ipse
1271 1136 1394 1220 primus
1417 1140 1470 1200 de-

135 1231 274 1309 cemvir,
299 1232 353 1316 qui
374 1253 472 1317 agros
488 1230 663 1305 divideret,
688 1239 871 1294 crearetur:
896 1229 968 1292 item
985 1227 1105 1306 Curio,
1131 1250 1200 1292 cum
1218 1228 1349 1293 viariam
1366 1230 1467 1316 legem

133 1325 255 1404 ferret,
289 1348 355 1390 eam
380 1327 441 1389 sibi
463 1325 533 1408 ipse
559 1324 758 1389 curationem
784 1323 815 1387 iu
841 1322 1090 1408 quinquennium
1118 1324 1268 1415 petebat3
1301 1327 1390 1410 qnod
1411 1346 1468 1408 per

136 1420 225 1504 leges
257 1441 320 1484 uon
351 1419 447 1483 licere
478 1417 597 1485 Cicero
627 1419 658 1483 in
689 1418 814 1504 agraria
843 1417 891 1480 ll.
914 1418 947 1480 8.
972 1418 1124 1480 declarat.
1148 1416 1360 1499 Μιιιιιιτιιιιῖ]
1405 1419 1466 1481 Sed

135 1513 274 1579 fortasse
298 1513 392 1577 etiam
418 1516 523 1577 eadem
552 1525 737 1578 ornamenta
759 1509 944 1595 potestatis,
969 1515 1100 1575 eandem
1123 1522 1311 1594 potestatem
1334 1511 1368 1575 in
1389 1534 1466 1596 pro·

137 1605 248 1670 vinciis
275 1608 377 1682 dedit,
412 1629 504 1693 qnam
531 1609 591 1671 lese
618 1607 776 1673 Seruilia.
818 1600 875 1668 'Ex
905 1626 957 1688 ep.
989 1607 1028 1668 ad
1055 1604 1128 1669 Att.
1151 1605 1216 1669 VI.
1242 1608 1273 1669 1.
1303 1617 1368 1671 eet.
1392 1604 1465 1670 mibi

136 1700 265 1764 videtur
286 1700 395 1786 colligi
416 1723 528 1782 posse,
553 1701 760 1765 coustitutum
784 1697 884 1762 luisse
906 1698 1046 1785 vectigal
1060 1699 1186 1764 aerario
1202 1700 1411 1776 solvendum,
1434 1701 1463 1764 in

136 1793 299 1872 vehicula,
324 1799 449 1874 esseda,
471 1797 604 1872 rhedas,
629 1793 772 1870 lecticas,
799 1814 901 1878 equos
926 1805 1013 1870 etc.,
1032 1793 1147 1879 quibus
1162 1793 1193 1857 in
1212 1793 1380 1858 itineribus
1399 1805 1467 1858 ute·

137 1899 265 1963 rentur,
288 1900 323 1953 ut
345 1912 379 1953 ea
402 1890 536 1972 pecunia
561 1890 590 1953 in
618 1888 677 1953 viis
705 1888 879 1951 mtrnieudis
904 1899 1158 1952 consumeretur.
1202 1889 1285 1955 Nam
1307 1910 1380 1953 eum
1399 1890 1468 1952 Ve-

137 1981 208 2045 dius
230 1980 381 2047 Ciceroni
407 1984 522 2047 obvius
547 1983 651 2047 factus
674 1996 756 2047 esset
782 2004 853 2046 cum
877 1982 1000 2046 duobus
1025 1981 1145 2046 essedis
1171 1993 1202 2046 et
1229 1983 1346 2060 rheda,
1379 1983 1467 2070 equis

136 2074 258 2152 iuncta,
284 2087 317 2141 et
339 2078 447 2141 lectica
474 2089 506 2141 et
528 2078 645 2142 familia
673 2098 804 2163 magna;
837 2079 952 2143 borum
978 2097 1075 2141 eausa
1097 2077 1172 2140 dicit
1196 2075 1334 2158 Cicero,
1361 2077 1469 2143 Vedio

136 2171 323 2236 solvendum
345 2195 386 2237 ex
408 2174 479 2258 lege
510 2172 681 2249 Curionis,
716 2172 743 2236 si
764 2173 961 2256 perferatur,
993 2172 1141 2236 sestertia
1166 2184 1309 2238 centena.
1353 2172 1394 2237 ld
1417 2195 1470 2236 re·

138 2267 234 2354 ctigal
256 2268 356 2332 simile
381 2268 493 2332 luisset
525 2279 679 2350 exparte
706 2267 750 2343 ei,
786 2269 873 2353 quod
901 2289 959 2334 nos
989 2265 1123 2332 dicimus
1145 2266 1293 2344 Geleite,
1328 2270 1418 2354 quod
1437 2268 1468 2331 in

139 2360 206 2424 vias
231 2363 411 2426 muniendas
434 2361 644 2445 impenditur,
679 2364 741 2427 hoc
768 2374 856 2425 certe
882 2363 941 2424 sub
963 2363 1057 2441 titulo
1081 2360 1168 2446 exigi
1190 2361 1285 2425 solet.
1332 2362 1468 2443 Quidam

137 2457 218 2518 harre
240 2456 452 2544 legemmale
478 2457 657 2521 Vivarium
686 2468 738 2518 aut
763 2455 946 2522 Vitiarium
977 2467 1030 2519 aut
1061 2455 1261 2521 Vinearium
1291 2455 1466 2539 appellant.

25 2582 29 2597 ι
138 2572 171 2612 v.
196 2548 398 2617 Contarenus
429 2554 466 2613 de
490 2552 601 2615 Frum.
626 2551 729 2634 Larg.
758 2571 788 2612 c.
819 2551 852 2615 9.
877 2550 969 2633 Lips.
994 2551 1100 2614 Elect.
1124 2550 1152 2615 Ι.
1173 2549 1206 2612 8.
1244 2551 1329 2613 Eun.
1374 2551 1466 2614 Miro

139 2665 252 2707 errore
282 2646 415 2727 Pighius
437 2646 519 2729 banc
541 2644 688 2707 uias-ium
714 2642 817 2724 legem
843 2643 956 2707 tribuit
978 2647 1017 2710 C.
1040 2644 1219 2709 Scribonio
1242 2642 1392 2719 Curioni⁴
1409 2644 1465 2707 tri·

137 2738 224 2802 buno
247 2739 348 2819 plebis
372 2760 401 2801 a.
426 2761 457 2802 u.
481 2739 576 2815 bod„
601 2761 670 2800 cum
695 2735 823 2803 Caelius
851 2736 883 2800 in
903 2737 1037 2820 epistola
1060 2760 1115 2801 sua
1137 2738 1255 2820 scripta
1280 2759 1309 2800 ιι.
1333 2758 1369 2803 ιι.
1393 2737 1466 2802 703.

137 2832 252 2986 disque
275 2832 373 2939 dieat?
400 2833 502 2907 ,Hoc
525 2835 660 2898 nondum
681 2832 806 2894 fecerat
827 2828 976 2918 (Curio),
1001 2856 1070 2896 cnm
1091 2833 1231 2917 priorem
1254 2843 1375 2917 partem
1400 2832 1466 2917 epi·

138 2934 190 2988 sto
205 2947 240 2988 ae
261 2926 410 3009 scrips1.”

306 3087 487 3149 Somnoutu
509 3084 749 3161 alimentaria,

136 3203 275 3270 fortasse
303 3210 340 3269 de
368 3206 529 3269 sruuaento
556 3208 640 3288 plebi
671 3206 770 3293 gratis
799 3207 989 3282 dividundo,
1025 3220 1059 3272 ιιι
1091 3209 1271 3274 infimorum
1305 3211 1465 3277 bominum

134 3300 235 3363 studia
260 3299 319 3362 sibi
345 3313 561 3382 compararet.
587 3305 674 3384 quod
691 3314 780 3364 antea
802 3325 930 3388 quoque
946 3303 1087 3367 seditiosi
1110 3305 1229 3369 tribuni
1254 3306 1374 3389 plebis,
1400 3308 1465 3390 pri·

138 3414 220 3455 ιιιιιιιι
245 3391 286 3458 C.
304 3395 486 3467 Gracchus,
513 3394 625 3458 deinde
649 3398 853 3474 Saturninus,
879 3407 1045 3480 postremo
1062 3399 1102 3463 Ρ.
1121 3397 1272 3478 Clodius,
1297 3399 1463 3481 Ciceronis

138 3485 301 3564 iuimicus,
327 3497 515 3553 tentaverat.
553 3490 747 3552 Mamurius.

503 3650 698 3713 Seurrnousu
720 3649 762 3712 de
782 3649 930 3733 pecunia
949 3651 1093 3716 eredita.

226 3770 396 3851 „Instabat
419 3792 493 3834 eura
520 3771 577 3833 alia
602 3775 645 3850 (a.
670 3794 702 3835 ιι.
725 3773 819 3851 560.)
842 3775 927 3857 quod
954 3771 1065 3836 civitas
1088 3775 1200 3840 fenore
1220 3776 1407 3852 laborabat,
1431 3790 1461 3843 et

140 3866 228 3949 quod
250 3887 318 3927 eum
339 3866 443 3928 ιιιιιΙιίι
462 3865 644 3930 senebribus
663 3866 786 3951 legibus
804 3867 975 3930 constricta
996 3868 1129 3933 avaritia
1151 3883 1249 3947 esset,
1276 3873 1326 3936 via
1341 3873 1463 3937 frastdis

138 3959 214 4021 initn
237 3970 322 4035 erat,
349 3972 382 4022 ut
410 3960 439 4021 in
462 3961 587 4031 socios,
613 3959 751 4043 quinon
776 3973 960 4024 tenerentur
977 3961 1020 4025 'iis
1046 3963 1186 4048 legibus,
1211 3965 1337 4029 nomina
1359 3978 1464 4030 trans-

138 4055 335 4116 scriberent:
360 4053 402 4115 ita
427 4054 526 4119 libero
549 4054 661 4117 fenore
685 4057 863 4119 obruebant
885 4056 1066 4121 debitores.
1091 4059 1178 4120 euius
1202 4061 1372 4124 co‘e‘rceodi
1395 4084 1464 4125 cum

140 4148 224 4212 ratio
246 4159 474 4230 quaereretur,
499 4148 579 4211 diem
606 4148 688 4211 liniri
710 4149 830 4231 placuit
850 4150 975 4213 Feralia
998 4173 1079 4235 quae
1094 4153 1239 4234 proxime
1255 4154 1410 4231 luissent,
1436 4167 1466 4217 ut

141 4241 196 4323 qui
221 4254 298 4323 post
324 4263 391 4306 eam
416 4241 496 4304 diem
522 4263 580 4304 so«
581 4263 603 4304 ιι
627 4242 749 4306 civibus
772 4243 926 4308 Romanis
949 4245 1157 4309 credidissent
1177 4249 1343 4328 pecunias,
1368 4250 1467 4333 proli·

140 4343 301 4410 tenentur,
325 4347 356 4398 et
378 4357 417 4398 en
445 4358 480 4398 ea
505 4335 555 4398 dle
577 4337 728 4418 pecuniae
750 4337 905 4414 creditae,
932 4340 1046 4422 quibus
1074 4339 1201 4403 debitor
1228 4344 1324 4408 vellet
1345 4345 1467 4434 legibus

140 4426 190 4490 ius
212 4430 364 4494 creditori
387 4433 593 4493 redderetur.
617 4430 689 4493 iude
712 4443 880 4518 postquam
905 4433 1161 4514 professionibus
1180 4439 1303 4500 detecta
1328 4453 1377 4503 est
1406 4461 1467 4502 ma·

141 4523 275 4603 guitudo
298 4523 380 4586 aeris
403 4523 494 4586 alieni
518 4544 575 4604 per
598 4526 678 4585 hanc
700 4525 844 4589 fraudem
868 4528 1040 4602 contracti,
1063 4531 1119 4595 Μ.
1138 4533 1364 4639 Sempronius
1379 4533 1467 4614 (Tu-

140 4608 297 4695 ditanus)
318 4617 462 4680 tribunus
483 4617 587 4698 plebis
609 4641 649 4680 ex
674 4620 864 4683 atictoritate
878 4630 1004 4701 patrum
1026 4622 1150 4705 plebem
1168 4624 1316 4709 rogavit,
1341 4627 1466 4709 plebes-

139 4727 204 4815 que
226 4708 335 4784 scivit,
365 4723 404 4803 ιιι
430 4733 508 4774 enm
537 4711 639 4776 sociis
666 4733 707 4775 oc
736 4712 872 4777 nomine
900 4712 1027 4778 Latino
1045 4718 1213 4800 pecuniae
1238 4721 1426 4787 creditos
1412 4742 1466 4787 tua

139 4794 230 4865 idem
250 4796 440 4888 quodcum
460 4803 589 4869 ciuibus
610 4804 777 4873 Romanis
797 4804 922 4871 eard?
964 4807 1042 4874 Liv.
1064 4810 1218 4881 XXXV.
1242 4813 1309 4901 7.
1383 4806 1386 4813 ’
