3202 5318
511 336 513 341 ’
565 325 717 394 INDEX
737 326 920 395 LEGUM.
1344 322 1403 395 261

397 516 614 580 Snnrnonrsr
638 516 751 581 Tiret
773 519 811 583 G.
835 520 1081 583 Gracchorum.

158 653 272 733 ,Vere
291 654 411 731 dicam,
437 654 597 738 Quirites,
622 677 722 743 genna
746 656 849 741 ipsum
871 658 955 743 legis
970 659 1116 745 agrariae
1136 659 1317 743 vituperare
1337 678 1402 730 non

70 773 218 837 possum.
260 749 361 814 Venit
390 748 470 813 enirn
501 749 577 812 mihi
602 749 632 813 in
661 763 817 828 mentem,
842 756 923 817 dnos
951 754 1162 831 clarissimos,
1185 754 1404 840 ingeniosissi-

68 868 158 922 mos,
182 844 414 909 amantissimos
432 843 534 925 plebis
552 845 716 909 Romanae
738 845 926 923 viros,‘'Pi.
951 858 983 911 et
1007 851 1043 913 0.
1063 851 1255 925 Gracchos,
1278 849 1401 932 plebem

68 942 101 1006 in
121 940 209 1027 agris
233 937 372 1024 publicis
394 936 616 1017 constituisse,
650 938 704 1025 qui
725 940 797 1026 agri
819 941 994 1024 a'privatis
1017 955 1106 1006 antea
1126 942 1403 1026 possidebantur.’'

68 1038 110 1100 de
133 1035 208 1121 lege
230 1055 302 1120 agr.
326 1034 375 1098 Π.
399 1035 436 1110 5,
462 1035 514 1097 to.

496 1197 714 1260 Senirnorunr
737 1195 794 1260 Ti.
818 1196 979 1261 Gracchi.

156 1318 239 1394 ,Th
275 1318 452 1382 Gracchus
484 1317 540 1382 Ti.
574 1315 714 1382 Gracchi
748 1316 915 1380 clarissimi
944 1328 1040 1402 atque
1071 1317 1309 1384 eminentissimi
1338 1318 1403 1386 'viri

69 1412 177 1488 filins,
207 1412 249 1477 P.
285 1412 431 1476 Africani
454 1433 493 1474 ex
521 1412 586 1475 filia
618 1434 739 1494 nepos,
772 1411 918 1475 tribunus
938 1413 1041 1495 plebis
1065 1426 1189 1477 creatus
1218 1416 1259 1479 Ρ.
1285 1416 1403 1481 Mucio

71 1505 232 1572 Scaevola
253 1506 297 1570 L.
315 1504 495 1589 Calpurnio
511 1527 610 1581 coss„
635 1505 769 1570 descivit
791 1528 807 1568 a
830 1507 939 1583 bonis,
964 1507 1189 1590 pollicitusque
1212 1509 1271 1573 toti
1293 1510 1404 1574 ltaliae
1517 1558 1522 1567 .

72 1601 256 1677 civitatem,
280 1599 372 1664 simul
388 1600 478 1663 etiam
495 1600 707 1685 promulgatis
721 1601 877 1684 agrariis
890 1603 1035 1687 legibus
1059 1622 1178 1665 summa
1196 1601 1266 1665 imis
1282 1602 1404 1669 miscuit

72 1709 107 1762 et
125 1696 158 1761 in
175 1707 382 1779 praeruptum
406 1705 502 1779 atquc
525 1716 640 1778 anceps
662 1694 840 1777 pericnlum
861 1696 991 1758 adduxit
1013 1694 1281 1779 rempublicam,
1306 1697 1405 1761 Octa·

71 1811 197 1879 vtoqne
221 1790 366 1898 collegae
391 1809 454 1872 pro
478 1790 566 1853 bono
592 1788 724 1871 publico
748 1789 841 1852 stanti
861 1790 1028 1872 imperinm
1047 1790 1232 1876 abrogavit.
1277 1790 1407 1855 Trium-

67 1885 164 1951 viros
181 1884 268 1970 egris
290 1883 463 1947 dividendis
482 1882 670 1966 colonisque
690 1882 880 1948 deducendis
897 1883 1019 1947 creavit
1033 1905 1068 1946 se
1083 1905 1295 1966 socerumque
1311 1905 1404 1947 enum
1423 1924 1430 1929 -

69 1979 275 2103 consularem
300 1979 441 2061 Appium
472 1976 668 2058 (Claudium)
694 1989 726 2041 et
750 1979 931 2042 Gracchum
962 1978 1095 2042 fratrem
1122 1978 1325 2043 admodnm'
1316 1998 1405 2043 enve-

68 2075 180 2141 nem.”
225 2073 354 2138 Vellei.
370 2073 419 2137 11.
443 2073 480 2148 2,
504 2073 537 2135 3.

155 2167 237 2250 ηΤι’.
267 2167 491 2251 Sempronius
519 2168 696 2231 Gracchus
724 2166 872 2231 tribunus
898 2166 1001 2251 plebis
1030 2169 1074 2248 (a.
1105 2190 1138 2232 n.
1166 2187 1197 2230 c.
1220 2166 1311 2248 620.)
1332 2188 1405 2231 curn

68 2266 177 2350 legem
199 2261 383 2348 agrariam
404 2260 506 2323 ferret
528 2263 681 2324 adversus
704 2261 897 2325 voluntatem
924 2273 1050 2325 senatns
1079 2274 1109 2325 et
1136 2261 1292 2347 equestris
1315 2259 1404 2325 ordi·

70 2356 137 2436 nis,
161 2378 205 2421 ne
227 2355 304 2442 quis
325 2379 373 2419 eor
388 2355 528 2439 publico
542 2377 633 2439 agro
645 2358 724 2438 pius
738 2377 843 2439 quom
857 2355 1045 2440 quingenta
1058 2356 1185 2441 iugero
1198 2353 1403 2439 possideret,

70 2451 104 2515 in
119 2472 192 2516 enm
209 2449 351 2515 furorem
375 2448 512 2525 exarsit,
537 2459 571 2510 nt
593 2447 647 2511 M.
668 2447 808 2511 Octavio
831 2449 975 2535 collegae
991 2471 1116 2513 cunisam
1140 2451 1283 2512 diversae
1306 2447 1406 2531 partia

71 2544 253 2609 defendenti
267 2554 454 2626 potestatem
467 2545 539 2626 lege
557 2543 617 2606 lata
636 2544 825 2626 abrogaret,
849 2564 947 2626 seque
966 2556 997 2606 et
1015 2541 1056 2608 C.
1074 2545 1254 2608 Gracchum
1270 2542 1402 2606 fratrem

71 2651 106 2704 et
130 2638 200 2722 Ap.
230 2636 396 2703 Claudium
426 2659 574 2703 socerum
609 2636 793 2701 triumviros
821 2639 860 2698 ad
885 2636 1086 2700 dividendum
1114 2659 1227 2724 agrum
1256 2647 1400 2701 crearet.

70 2733 292 2818 promulgavit
311 2744 342 2796 et
358 2732 448 2795 aliam
466 2733 570 2817 legem
586 2732 784 2815 agrariam,
808 2753 868 2814 qna
884 2731 943 2794 sibi
960 2733 1051 2796 latius
1067 2754 1178 2818 agruim
1195 2732 1399 2816 patefaceret,

72 2841 112 2893 ut
136 2827 231 2891 iidem
259 2825 419 2889 triumviri
448 2825 624 2890 indicarent
653 2847 714 2908 qua
738 2827 883 2908 publicus
912 2848 1006 2910 ager,
1042 2850 1102 2913 qna
1131 2828 1275 2910 privatus
1297 2837 1401 2894 esset.

71 2922 184 2986 deinde
202 2943 273 2983 cum
296 2920 395 2982 minus
419 2919 490 3005 agri
514 2932 597 2984 esset
618 2941 710 3006 qnam
734 2924 820 3004 qnod
843 2919 940 2983 dividi
961 2935 1069 3003 posset
1084 2923 1151 2985 sine
1167 2925 1290 2987 offensa
1307 2922 1400 2986 etian.

69 3017 191 3101 plebis,
217 3014 365 3100 qnoniam
383 3037 439 3079 eos
459 3017 496 3077 ad
513 3016 713 3097 cupiditatem
734 3015 870 3097 amplum
888 3018 1015 3078 modum
1036 3018 1180 3097 sperandi
1201 3017 1400 3098 incitaverat,

68 3112 176 3197 legent
206 3132 240 3172 se
263 3110 539 3192 promulgaturum
569 3110 723 3182 ostendit,
761 3123 794 3171 nt
817 3109 854 3171 iis
884 3111 937 3191 qui
960 3112 1165 3193 Sempronio
1191 3114 1262 3198 lege
1287 3135 1397 3197 agrum

67 3206 215 3288 accipere
236 3206 406 3279 deberent,
433 3205 564 3285 pecnnia
588 3226 669 3288 qnae
693 3203 777 3286 regis
795 3203 894 3266 Attali
910 3204 1041 3280 luisset,
1066 3205 1280 3271 divideretur.
1305 3211 1398 3270 here-

67 3303 138 3363 dem
165 3310 268 3361 autem
292 3300 444 3380 popnlnin
469 3300 648 3362 Romanum
673 3298 846 3380 reliquerat
867 3298 1013 3374 Attalns,
1045 3320 1104 3360 rex
1128 3301 1296 3384 Pergami,
1331 3303 1398 3366 En·

68 3394 167 3457 menis
191 3391 284 3455 lilius.
330 3394 396 3455 Tot
413 3392 653 3476 indignitatibus
672 3404 851 3456 commotns
871 3393 1014 3476 graviter
1027 3405 1171 3469 senatus,
1197 3407 1269 3458 ante
1288 3418 1397 3460 omnes

70 3491 115 3551 T.
138 3485 259 3550 Annius
280 3486 474 3559 consularis,
493 3487 547 3570 qni
563 3508 632 3549 cnm
649 3486 679 3549 in
698 3501 805 3549 senatu
823 3487 852 3548 in
870 3489 1050 3552 Gracchum
1069 3503 1267 3569 perorasset,
1286 3504 1397 3572 raptus

69 3586 112 3646 ab
134 3602 174 3644 eo
196 3583 234 3643 ed
253 3582 407 3663 populnm
430 3581 613 3663 delatusque
635 3581 737 3663 plebi,
760 3602 871 3643 rnrsns
892 3582 923 3642 in
948 3603 1017 3643 enm
1038 3603 1099 3663 pro
1125 3583 1251 3646 Rostris
1275 3584 1398 3648 contio·

70 3688 164 3739 natus
187 3686 247 3738 est.
279 3698 349 3738 cnm
375 3676 485 3739 iterum
513 3676 780 3756 tribunusplebis
806 3675 908 3736 creari
939 3675 1032 3737 vellet
1056 3679 1240 3752 Gracchus,
1266 3689 1396 3740 atictore

68 3775 112 3838 P.
136 3769 289 3836 Cornelio
316 3771 432 3833 Nasica
455 3769 485 3831 in
513 3768 676 3851 Capitolio
701 3772 740 3831 ab
765 3769 970 3850 optimatibus
994 3769 1119 3831 occisus
1143 3783 1206 3848 est,
1230 3771 1310 3833 ictus
1330 3769 1397 3852 pri-

68 3888 153 3930 mum
186 3864 374 3948 fragmentis
400 3863 641 3938 subselliorum,
678 3876 707 3925 et
741 3865 825 3925 inter
856 3861 934 3925 alios
965 3864 1018 3945 qni
1045 3862 1075 3924 in
1103 3865 1208 3926 eadem
1241 3864 1395 3926 seditione

68 3959 169 4027 occisi
198 3971 301 4034 erant,
336 3957 510 4039 insepultus
538 3958 568 4019 in
596 3958 712 4021 flumen
737 3955 935 4039 proiectus.”
982 3956 1056 4017 Liv.
1089 3956 1177 4037 Epit.
1202 3954 1336 4019 Lvtlt.

153 4055 236 4130 ..Τι’
261 4056 436 4117 Gracchus
459 4052 601 4114 tribunus
630 4053 732 4134 plebis
754 4051 842 4125 tulit,
875 4072 913 4112 ne
937 4049 1006 4134 qnis
1030 4051 1099 4130 plns
1124 4051 1166 4113 D.
1192 4049 1259 4133 agri
1283 4049 1393 4134 iugera

63 4153 209 4215 baberet.
255 4150 393 4213 Octavio
418 4149 562 4232 collegae
582 4147 789 4210 intercedenti
816 4165 903 4227 novo
926 4146 1074 4226 exemplo
1098 4144 1317 4227 magistratum
1337 4144 1393 4205 ah·

64 4246 208 4332 rogavit.
250 4243 334 4309 Dein
351 4244 440 4318 tntu
467 4256 499 4305 nt
520 4244 557 4304 de
573 4240 709 4316 [aitinha
735 4263 816 4326 quae
834 4263 873 4304 ex
893 4239 994 4303 Attali
1013 4238 1186 4301 hereditate
1203 4248 1290 4311 erat
1316 4257 1392 4322 age·

61 4352 167 4416 retur,
192 4350 227 4400 ut
247 4339 370 4421 populo
392 4335 621 4400 ε1ἰνίι1ει·εῐιιι·.η
668 4336 817 4399 Airrclius
841 4336 958 4397 Victor
982 4336 1019 4395 de
1044 4333 1121 4395 viris
1145 4332 1259 4393 illustr.
1283 4331 1336 4393 61.

153 4432 399 4520 Τιβέριος
367 4426 637 4519 ,Σεμπρώνιος
660 4433 693 4496 I
693 4454 846 4517 ρακχος
867 4424 1043 4506 ἀνεκαίνιζε
1058 4423 1114 4491 τὸν
1130 4421 1246 4533 νὸιιρν,
1268 4428 1391 4509 μηδένα
1420 4478 1427 4495 .

63 4529 126 4601 τῶν
148 4532 370 4593 πεντακοσίων
391 4529 548 4614 πλέθρων
569 4526 777 4612 πλέονέχειν.
799 4515 939 4631 norqid
958 4513 1139 4584 αὐτανὺπέ
1140 4545 1160 4604 ρ
1177 4515 1233 4584 τὸ)
1226 4513 1390 4585 παλαιὸν

63 4619 165 4709 νόμον
187 4623 382 4707 προσετίθει
404 4617 446 4685 τὰ
469 4616 604 4731 nigriora„
610 4643 746 4685 τουτων.
770 4624 824 4682 καὶ
847 4613 904 4696 τὴν
926 4611 1042 4692 λοιπὴν
1065 4620 1151 4704 τρεῖς
1169 4611 1317 4698 αἱρετοὺς
1333 4609 1391 4679 ἄν·

65 4719 146 4877 (ἒρας
168 4718 471 4876 ρναλλασσομὲνονς
493 4710 561 4781 κατ’
586 4714 658 4792 ἔτος
680 4715 843 4799 διανέμειν
869 4715 937 4786 τοῖς
962 4709 1090 4787 πένησι.
1134 4706 1273 4792 Αρρίει).
1303 4708 1388 4773 Bell.

97 4833 130 4875 tv
225 4812 243 4874 ⁹
