3202 5318
489 326 700 394 seuerus
723 326 990 397 cousunrtt.
1337 341 1399 404 aaa
1495 299 1498 305 ’

70 468 170 544 rint,
205 474 351 529 tantam
380 465 591 546 pecuniam
621 469 874 548 redemptori
904 468 1207 537 attribuendam
1240 477 1402 541 solven-

71 564 239 639 damque
266 570 427 630 cureut3
461 579 627 639 eumque
656 569 770 621 antea
792 572 962 624 senatus
983 565 1272 630 auctoritatem
1293 589 1400 633 suana

69 653 109 715 ia
138 651 320 714 virorum
347 650 514 712 fortium
543 649 764 713 funeribus
794 653 1128 736 ornamentisque
1150 660 1398 736 ostenderit,

68 745 251 825 placere,
285 761 368 804 eum
404 762 513 824 quam
547 741 801 824 amplissime
832 764 1019 826 supremo
1047 767 1121 809 sno
1148 747 1213 812 die
1241 750 1400 817 elierri.

70 838 141 909 Et,
176 848 263 896 cum
300 833 385 896 Ser.
409 834 620 914 Sulpicius
653 834 698 913 Q.
721 835 763 896 F.
797 836 986 899 Lemonia
1022 838 1153 902 Bolus
1186 840 1244 903 ita
1280 845 1325 905 de
1360 865 1402 908 re

70 926 238 1009 publiea
271 924 444 987 meritus
472 925 541 1001 ait,
576 937 615 989 ut
642 925 694 988 iis
725 927 982 991 ornamentis
1016 930 1206 994 decorari
1238 935 1401 999 debeata

31 1059 41 1069 ·
70 1021 257 1083 Senatum
286 1038 455 1081 censere
484 1028 606 1100 atque
628 1038 655 1078 -e
685 1038 727 1078 re
763 1018 928 1099 publica
959 1020 1213 1101 existimare,
1246 1025 1401 1090 aediles
1476 1072 1482 1080 ·

69 1112 233 1173 cnratles
256 1109 447 1184 edictum,
472 1111 580 1192 quod
602 1112 646 1172 de
668 1109 882 1189 itineribus
903 1112 1092 1187 babeant,
1115 1115 1198 1178 Ser.
1228 1117 1403 1199 Sulpicii

70 1204 118 1282 Q.
141 1204 181 1266 F.
204 1201 399 1266 Lemonia
422 1199 523 1264 Ruli
544 1200 685 1263 itineri
707 1201 937 1275 remittere3
961 1204 1248 1287 utique-locum
1269 1210 1403 1290 sepul*

70 1299 169 1358 ebro
190 1293 228 1357 in
250 1313 392 1374 campo
415 1292 637 1375 Esquilino
656 1291 695 1360 C.
716 1295 846 1356 Pansa
869 1295 1028 1370 constal,
1052 1316 1124 1359 sen
1145 1319 1226 1380 qno
1247 1298 1285 1362 in
1309 1301 1402 1366 loeo

71 1386 298 1458 ridebitur,
338 1387 462 1466 pedes
496 1383 671 1467 triginta
706 1404 873 1466 quoquo
906 1406 1051 1450 versata
1084 1390 1283 1472 assignet,
1322 1412 1402 1474 qno
1503 1470 1508 1476 ι

70 1480 157 1542 Ser.
180 1477 386 1560 Sulpicius
409 1476 632 1549 inferatur3
661 1478 771 1558 quod
793 1478 1053 1557 sepulchrum
1078 1479 1224 1560 ipsius,
1248 1481 1402 1548 libero·

66 1593 148 1635 ram
176 1579 523 1652 posterorumque
554 1568 641 1630 eius
669 1579 798 1642 esset,
834 1567 892 1630 uti
921 1572 1028 1651 qnod
1051 1570 1202 1652 optimo
1225 1575 1315 1637 iure
1336 1595 1402 1656 pn·

65 1665 176 1728 blice
196 1662 449 1742 sepolchrum
472 1663 603 1722 datium
626 1670 749 1723 esset.
795 1660 939 1742 Philipp.
962 1661 999 1736 9,
1025 1665 1057 1725 7.
1082 1670 1088 1678 ’

153 1755 245 1834 Quae
263 1773 335 1815 eum
359 1753 400 1815 ita
425 1752 505 1814 sint:
544 1753 665 1832 Quod
688 1751 730 1816 C.
754 1752 884 1816 Pansa
907 1754 1051 1816 consul
1074 1757 1204 1818 verba
1225 1755 1329 1819 fecit
1356 1759 1402 1821 de

68 1845 247 1919 litteris,
270 1864 410 1926 quara
435 1844 479 1923 Q.
504 1843 715 1924 Caepione
737 1844 866 1907 Bruto
889 1846 1160 1924 proconsule
1187 1846 1334 1910 allatae
1361 1857 1403 1910 et

66 1939 104 2001 in
127 1939 200 2000 boc
222 1936 363 2000 ordine
386 1935 586 1998 recitatae
608 1946 722 2009 saint,
749 1937 793 1998 de
816 1957 859 1998 ea
882 1936 1000 2000 reita
1023 1959 1194 2003 cenaeos
1239 1937 1332 2004 Cum
1355 1938 1400 2018 0.

66 2028 287 2112 Caepionis
314 2027 430 2089 Bruti
460 2046 627 2106 procos.
660 2047 805 2108 opera,
835 2029 1037 2106 consilio,
1067 2029 1287 2103 industria,
1321 2029 1403 2096 rir-

65 2133 173 2197 tnte,
208 2119 469 2184 dittieittimo
502 2118 562 2180 rei
590 2119 784 2199 publicae
813 2130 996 2201 tempore
1027 2121 1240 2202 provincia
1266 2124 1403 2186 Mace·

66 2211 214 2289 donia,
242 2210 475 2289 Illyricum,
510 2221 658 2271 cuncta
693 2210 885 2284 Graecia,
923 2212 1131 2295 legiones,
1165 2213 1399 2288 exereitus,

66 2306 302 2389 equitatus,
337 2301 625 2377 inconsultam,
660 2312 825 2365 senatus
847 2304 1070 2387 populique
1093 2305 1267 2369 Romani
1288 2314 1401 2385 pote·

67 2409 173 2461 state
200 2395 303 2459 sinte
342 2393 378 2456 id
407 2395 451 2474 Q.
475 2392 721 2474 Caepionem
745 2395 911 2456 Brutum
941 2415 1108 2475 procos.
1136 2400 1238 2459 bene
1259 2406 1296 2457 et
1317 2415 1336 2458 e
1356 2414 1400 2459 re

65 2489 232 2573 publica
260 2506 339 2568 pro
367 2506 436 2548 sua
467 2486 740 2569 maiorumque
768 2505 930 2548 satorum
962 2486 1159 2570 dignitate
1187 2497 1401 2551 consuetu·

67 2580 239 2663 direque
265 2576 330 2640 rei·
356 2577 542 2658 publicae
571 2579 672 2641 bene
702 2580 904 2658 gerendae
924 2578 1097 2655 fecisse,
1133 2599 1300 2659 eamque
1321 2598 1399 2641 re·

66 2671 224 2736 senatui
245 2671 480 2751 populoque
503 2671 686 2732 Romano
710 2681 869 2751 gratam
892 2689 978 2733 esse
1000 2681 1037 2732 et
1057 2670 1168 2744 lorea
1191 2670 1331 2753 utique
1353 2669 1398 2749 0.

68 2763 225 2844 Caepio
248 2762 401 2825 Brutus
422 2783 498 2843 pro
520 2762 689 2825 conaralc
711 2760 971 2842 provinciam
989 2762 1286 2838 Macedoniam,
1304 2761 1401 2840 llly-

67 2854 194 2918 ricem
216 2864 481 2936 coortamque
504 2853 716 2916 Graeciam
739 2864 921 2926 tueatur,
955 2854 1165 2932 deleniat,
1189 2853 1401 2918 custodiat

67 2947 391 3028 incolumemque
412 2956 651 3020 conservet,
677 2946 794 3026 eique
817 2944 1041 3022 exercitui,
1066 2967 1176 3030 quem
1199 2947 1289 3028 ipse
1310 2963 1400 3008 con·

67 3037 226 3113 stituit,
256 3037 530 3118 comparavit,
565 3037 738 3117 praesit,
774 3037 1064 3120 pecuniamque
1087 3042 1232 3101 adrem
1257 3037 1400 3100 milita·

67 3152 168 3204 rem,
192 3130 225 3191 ai
246 3151 318 3213 qua
343 3151 443 3210 opus
464 3129 536 3202 sit,
565 3149 664 3208 quae
688 3129 847 3209 publica
870 3128 921 3191 sit
943 3140 980 3192 et
1002 3130 1119 3213 exigi
1141 3130 1294 3212 possit,
1318 3140 1400 3191 nta-

67 3234 153 3292 tnr,
177 3220 341 3303 exigat,
366 3220 657 3302 pecuniasque,
682 3221 870 3303 aquibus
894 3221 1098 3295 videatur,
1121 3226 1272 3284 adrem
1295 3220 1399 3284 orili-

68 3327 190 3376 taren
215 3325 369 3376 mutatas
391 3324 535 3398 stimat,
567 3312 807 3375 srrtmentum
831 3312 1021 3394 imperet,
1047 3334 1292 3397 operamque
1314 3314 1397 3388 det,

67 3417 111 3468 ut
131 3427 212 3468 cnm
233 3405 321 3468 satis
343 3405 478 3485 copiis
501 3424 614 3484 quam
644 3403 835 3485 proxime
857 3405 1019 3467 Italiam
1048 3405 1123 3468 sit:
1162 3425 1325 3489 cumque
1352 3426 1400 3467 ex

67 3495 223 3559 litteris
250 3497 294 3575 Q.
325 3495 549 3576 Caepionis
580 3495 715 3570 Bruti,
751 3517 935 3576 procos„
968 3497 1215 3560 intellectum
1244 3498 1318 3572 sit,
1353 3496 1397 3574 Q.

67 3588 284 3651 Hortensii
312 3609 479 3669 procos.
514 3596 637 3667 opera
668 3598 705 3649 ct
736 3587 888 3649 virtute
918 3590 1180 3650 vehementer
1215 3610 1295 3650 rem
1332 3607 1399 3666 pu·

69 3679 217 3741 blicam
240 3679 430 3751 adiutam,
461 3681 672 3758 omniaque
701 3679 784 3739 eius
812 3678 990 3740 consilia
1018 3701 1107 3740 cum
1136 3675 1330 3741 consiliio
1353 3676 1398 3752 Q.

69 3770 291 3850 Caepionis
322 3771 454 3844 Bruti,
490 3790 673 3851 procos..
708 3769 929 3832 coniuncta
958 3770 1092 3832 irrisae
1123 3789 1287 3853 eamque
1318 3787 1397 3829 rem

69 3881 210 3944 magno
233 3863 323 3925 usui
344 3862 404 3924 rei
426 3863 614 3943 publicae
643 3860 793 3923 irrisae:
829 3862 873 3937 Q.
898 3859 1184 3936 Hortensium,
1217 3877 1396 3940 procos„

67 3966 177 4018 recte
200 3966 237 4016 et
258 3953 418 4029 ordine,
443 3974 571 4035 exque
594 3973 636 4015 re
658 3952 823 4032 publica
844 3952 1015 4023 iecissea
1040 3952 1196 4013 senatui
1219 3951 1396 4031 placere,

69 4048 113 4126 Q.
135 4046 421 4117 Hortensium,
452 4065 638 4125 procos.,
670 4065 752 4105 cum
776 4043 1091 4124 quaestoribus,
1123 4062 1253 4122 prore
1281 4060 1399 4121 quae·

67 4139 268 4215 storibna,
288 4149 328 4202 et
351 4137 501 4218 legatia
523 4136 604 4197 satis
628 4134 876 4214 provinciam
894 4135 1171 4198 Macedoniam
1196 4130 1397 4206 obtinere,

68 4232 200 4311 quoad
233 4230 270 4293 ei
302 4252 347 4293 ex
380 4227 755 4292 senatusconsulto
788 4246 1021 4288 srrccessum
1056 4225 1122 4287 ait.
1165 4223 1308 4303 Philipp.
1343 4223 1394 4299 to,

70 4326 130 4397 11,
157 4323 196 4384 25
218 4342 289 4385 se.

153 4415 216 4475 Sed
240 4345 276 4476 ni
300 4435 337 4477 ea
358 4415 437 4490 (lex)
460 4424 564 4475 vestra
589 4430 719 4493 quoque
742 4408 933 4472 auctoritate
959 4409 1121 4481 firmetur,
1146 4424 1280 4469 moseo:
1305 4404 1399 4469 Cum

66 4505 111 4569 P·
133 4504 378 4578 Dolabella,
413 4504 565 4587 quique
594 4501 679 4564 eius
708 4499 989 4564 crudelissimi
1019 4512 1056 4562 et
1078 4496 1279 4560 teterrimi
1299 4497 1398 4561 l'aci·

67 4596 183 4660 noris
214 4597 416 4669 ministri,
446 4594 568 4667 socii,
605 4592 816 4655 adiutores
853 4591 1036 4665 lucraret,
1072 4592 1218 4653 hostes
1253 4588 1398 4671 populi

67 4687 237 4753 Romani
265 4708 283 4750 a
311 4698 455 4752 senatu
484 4684 654 4750 indicati
682 4684 783 4757 aint3
816 4703 983 4764 carroque
1010 4694 1176 4748 senatus
1203 4684 1247 4751 Ρ.
1274 4682 1398 4749 Dola·
