3202 5318
531 295 682 373 runnu
703 296 1056 363 FORMULARUM.
1203 282 1207 289 '
1391 297 1453 360 su

134 436 293 501 Statorius
316 437 403 517 cet).
427 439 466 500 de
486 435 564 501 Div.
590 438 626 512 1,
652 439 710 513 15,
737 438 810 501 109.
834 474 873 484 -
897 438 1044 502 Bonum
1066 457 1206 500 nomen
1229 435 1453 501 dicituretiam

133 531 277 606 debitor,
303 528 353 592 cui
375 541 446 593 tuto
468 530 600 613 pecunia
620 530 707 594 credi
728 542 855 613 potest:
880 532 955 616 Ego
975 530 1051 594 meis
1074 533 1169 594 rebus
1193 530 1291 615 gestis
1305 532 1369 596 boc
1385 552 1454 594 sum

133 635 312 703 assecutus,
336 635 372 687 ut
394 627 536 686 bonurn
559 645 696 689 nomen
719 624 895 687 existimer.
919 627 958 687 ad
982 625 1075 687 Fam.
1099 625 1136 699 5,
1161 624 1197 702 6,
1219 624 1252 688 9.

217 719 339 783 Bulla
363 731 582 783 ornamentum
605 717 772 801 pueritiae.
802 719 903 782 Verr.
926 720 1047 783 Aecus.
1073 720 1108 799 1,
1130 718 1189 796 58,
1213 719 1287 783 159.

219 812 402 878 Caedere
425 813 611 899 pignora.
643 815 682 876 de
705 813 767 879 Or.
791 814 828 888 3,
857 815 950 888 1,1.

219 907 388 973 Caedes.
434 911 478 972 Ut
500 919 709 992 quaereretur
732 910 776 970 de
806 909 945 982 caede,
982 928 1064 993 quae
1094 906 1126 970 in
1155 907 1261 991 Appia
1295 905 1347 970 via
1374 905 1459 970 facta

135 1013 237 1078 esset,
261 1001 292 1065 in
315 1022 377 1085 qua
400 1003 442 1066 P.
469 999 604 1065 Clodius
627 1000 753 1064 occisus
777 1010 878 1077 esset,
903 1000 975 1064 tulit
996 1000 1061 1066 Cn.
1084 1000 1274 1083 Pompeius.
1296 1021 1359 1083 pro
1380 1000 1459 1064 Mil.

136 1098 175 1175 5,
202 1099 254 1160 16.
298 1096 399 1161 Item:
423 1096 468 1160 Ut
493 1094 667 1158 consularis
691 1093 868 1179 quaestioni
890 1109 1065 1176 praeesset.
1110 1096 1196 1160 Ibid.
1219 1096 1254 1173 8,
1278 1096 1334 1160 22.

221 1189 522 1255 caerimoniam
551 1187 779 1274 legationis
809 1187 1008 1271 polluere.
1043 1212 1105 1273 pro
1135 1192 1169 1257 S.
1197 1191 1322 1257 Roscio
1349 1188 1462 1257 Amer.

135 1286 199 1363 39,
229 1286 303 1348 113.

221 1377 332 1443 Caia.
371 1376 452 1458 Quia
476 1376 510 1441 in
527 1376 658 1440 alicuius
680 1376 771 1440 libris
792 1376 928 1459 exempli
950 1398 1057 1446 causa,
1070 1376 1101 1441 id
1121 1399 1236 1443 nomen
1258 1378 1460 1459 invenerant,

139 1470 214 1537 ICti
246 1483 398 1555 putarunt
428 1494 538 1537 omnes
567 1471 729 1549 mulieres,
771 1492 852 1558 quae
883 1472 1116 1555 coemptionem
1147 1471 1309 1551 facerent,
1347 1473 1464 1541 Caias

140 1566 265 1631 vocari.
287 1587 349 1648 pro
372 1568 511 1631 ll'lureua
535 1567 592 1643 12,
617 1566 671 1629 97.
1405 1566 1419 1599 ”

225 1658 451 1725 Calumnia.
496 1658 738 1725 Calumniari
761 1658 897 1722 iurare
917 1658 956 1722 in
979 1658 1168 1744 aliquem.
1191 1661 1468 1729 5555515055-

139 1756 204 1818 nel.
218 1776 253 1837 p.
269 1757 323 1818 61.
341 1755 426 1818 Bait.
450 1791 490 1801 -
514 1753 760 1819 Calumniam
783 1754 988 1839 effugere.
1010 1776 1073 1838 pro
1090 1753 1241 1820 Cluentio
1257 1755 1317 1834 59,
1335 1754 1465 1831 toa:-

140 1848 385 1914 Calumniam
409 1851 558 1913 iterare.
582 1852 621 1911 ad
644 1849 733 1912 Fam.
758 1848 796 1926 8,
820 1849 858 1925 8,
883 1849 916 1913 3.
961 1847 1047 1911 Vide
1069 1848 1115 1914 K.
1139 1846 1295 1914 littera.
1352 1926 1357 1937 ι

223 1941 561 2008 Calumniatores.
593 1944 693 2005 Verr.
718 1946 838 2006 Aecus.
861 1946 898 2019 1,
924 1944 982 2018 10,
1007 1943 1061 2006 97.

225 2034 465 2121 Campestre
489 2037 807 2103 adulescentulorum.
839 2058 900 2119 pro
925 2035 1038 2101 Caelio
1061 2038 1099 2114 5,
1124 2040 1178 2102 11.

156 2188 172 2213 ,
225 2129 399 2208 Canere,
424 2134 463 2195 dc
486 2131 625 2195 vatibus.
661 2132 698 2194 de
720 2130 800 2195 Diu.
825 2133 861 2208 1,
886 2132 945 2205 50,
971 2132 1045 2195 115.

226 2224 385 2308 Capere
407 2225 564 2290 sortito
587 2228 856 2289 sacerdotem.
891 2227 993 2288 Vere.
1017 2227 1139 2289 Aecus.
1163 2227 1199 2306 9,
1223 2228 1281 2304 51,
1310 2228 1384 2295 196.

227 2318 448 2403 Captarum
465 2318 726 2404 pecuniarum
742 2319 876 2402 aliquem
894 2329 1038 2382 notant
1053 2340 1219 2387 censores.
1239 2344 1303 2407 pro
1317 2320 1468 2388 Cluentio

142 2415 202 2493 19,
235 2415 308 2480 119.

226 2507 378 2590 Captus
399 2509 659 2572 fraudatusve
682 2506 791 2571 siem.
835 2508 920 2571 Vide
941 2507 1010 2572 Uti
1033 2529 1078 2572 ne
1098 2521 1275 2592 propter
1296 2524 1358 2580 cet.

227 2600 373 2684 Caput.
418 2604 526 2666 Multa
548 2602 628 2664 mala
650 2622 719 2665 curu
745 2600 877 2665 dixisset
898 2623 973 2666 suo
996 2601 1138 2684 capiti,
1161 2615 1198 2666 ut
1219 2603 1318 2669 aiunt.
1342 2609 1381 2669 ad
1395 2606 1468 2671 Att.

141 2696 180 2772 8,
205 2699 242 2772 5,
271 2701 298 2761 1.
320 2732 361 2743 -
384 2698 465 2762 Suo
488 2695 634 2779 capiti,
659 2695 878 2772 salvisnobis,
904 2696 1072 2760 ominetur.
1096 2697 1241 2781 Philipp.
1266 2701 1324 2776 11,
1349 2698 1388 2772 5,
1414 2702 1467 2764 19.

140 2822 181 2836 ·-
204 2792 253 2854 'fe
275 2792 474 2855 subrostrani
503 2790 621 2876 (quod
651 2789 811 2854 illorum
841 2790 963 2873 capiti
992 2790 1079 2870 sitl)
1108 2790 1298 2877 dissiparant
1327 2791 1464 2876 perisse.

141 2883 272 2949 Caelius
295 2888 334 2948 ad
355 2887 448 2950 Bam.
471 2887 511 2960 8,
537 2889 572 2961 1,
597 2886 629 2948 1.

228 2979 359 3063 Caput
380 2980 510 3043 alicuius
532 2980 713 3042 defendere.
738 3001 799 3062 pro
816 2978 967 3061 Quinctio
989 2980 1024 3055 9,
1047 2979 1080 3043 8.
1102 3017 1143 3027 -
1164 2980 1222 3045 De
1244 3003 1285 3045 ca
1294 2984 1386 3068 pite
1409 2985 1470 3047 de-

142 3074 277 3139 cernit
297 3097 404 3139 reus.
439 3097 500 3156 pro
523 3073 674 3155 Quinctio
697 3075 755 3149 99,
782 3076 833 3137 79.
858 3110 898 3121 -
921 3074 1067 3139 Maiores
1090 3074 1132 3138 ita
1156 3075 1407 3154 constituerunt,
1431 3090 1467 3144 ut

142 3171 197 3256 qui
223 3192 297 3254 pro
327 3169 462 3252 capite
492 3170 664 3242 diceret,
699 3167 725 3231 is
747 3169 929 3250 posteriore
956 3170 1031 3233 loco
1057 3169 1188 3234 diceret.
1226 3191 1289 3252 pro
1312 3171 1465 3252 Quinctio

143 3266 179 3340 9,
204 3266 258 3329 33.
280 3300 321 3311 -
346 3263 476 3345 Caput
501 3263 585 3339 eius,
610 3263 663 3346 qui
686 3276 797 3326 contra
824 3264 926 3345 legem
952 3263 1045 3339 facit,
1077 3275 1346 3329 consecratur
1368 3265 1467 3329 inter·

144 3362 216 3421 dum
233 3360 263 3422 in
281 3358 496 3421 sanctionibus
516 3358 688 3420 sacrandis.
712 3379 773 3439 pro
791 3358 894 3420 Balbo
912 3360 969 3434 11,
993 3360 1044 3423 33.
1063 3392 1102 3402 -
1127 3357 1287 3443 Capitis
1310 3356 1376 3423 lis.
1402 3382 1466 3443 pro

146 3451 294 3518 Cluentio
307 3454 345 3515 11
359 3498 368 3527 ,
383 3454 455 3513 110.
474 3487 514 3497 -
531 3449 676 3534 Capite
691 3473 731 3514 se
747 3452 988 3528 deminuere,
1007 3455 1045 3515 de
1061 3453 1201 3520 muliere.
1226 3452 1465 3537 Τ5515.1,18.

229 3547 357 3630 Caput
381 3545 582 3609 maleficii.
620 3568 680 3628 pro
704 3548 739 3608 S.
765 3548 866 3610 Bosc.
889 3550 965 3612 Am.
990 3546 1047 3622 97,
1073 3549 1126 3610 71.

228 3640 359 3724 Caput
374 3638 538 3703 iecoris.
555 3640 671 3703 Iecur
686 3638 752 3702 sine
769 3639 902 3720 eapite
919 3640 1093 3703 inventum.
1118 3640 1246 3706 deDiv.
1261 3643 1370 3723 1,59,
1387 3644 1463 3709 119.

225 3734 356 3819 Caput
376 3733 557 3818 (pecuniae)
580 3743 701 3816 petere.
738 3754 800 3813 pro
824 3732 974 3813 Quinctio
998 3738 1036 3809 7,
1060 3734 1112 3798 99.

227 3828 356 3912 Caput
379 3827 595 3902 obnubit0‚
621 3826 761 3889 arbori
782 3826 941 3889 infelici
965 3828 1223 3910 suspendito.
1257 3828 1347 3911 Quae
1364 3832 1463 3893 verba

139 3923 201 3988 iam
231 3923 353 4006 pridem
383 3923 414 3985 in
441 3923 500 3984 bae
530 3942 566 3983 re
596 3920 721 4004 publica
747 3941 810 3985 non
838 3921 940 3985 solum
968 3921 1109 3984 tenebris
1133 3922 1317 3999 vetustatis,
1351 3942 1465 3986 verum

141 4018 235 4083 etiarn
257 4018 329 4082 luce
351 4015 504 4081 libertatis
528 4035 683 4098 oppressa
706 4026 789 4078 sunt.
824 4014 940 4079 Rabir.
965 4021 1000 4092 1,
1026 4017 1078 4079 13.

228 4112 390 4178 Cancer.
439 4110 531 4176 Cedo
561 4110 732 4173 ratioeur
764 4109 960 4186 carceris,
995 4132 1078 4195 quae
1104 4109 1340 4195 diligentissime
1364 4108 1466 4175 conli-
1570 4102 1575 4121 ¹

143 4206 247 4272 citur:
273 4228 340 4292 quo
364 4205 498 4290 quisque
522 4204 571 4266 die
591 4209 680 4266 datus
704 4202 733 4265 15
757 4203 951 4278 custodiam,
978 4226 1043 4291 quo
1067 4216 1228 4282 mortuus,
1253 4225 1318 4289 quo
1336 4216 1465 4269 necatus

141 4300 195 4365 sit.
239 4302 343 4366 Verr.
367 4305 488 4365 Aecus.
511 4301 546 4373 5,
570 4299 626 4374 57,
653 4299 723 4362 117.

230 4396 400 4462 Causam
425 4394 571 4457 dicere.
619 4393 768 4454 Paratum
793 4394 833 4454 ad
855 4411 1009 4454 causam
1033 4391 1235 4457 dicendam
1257 4390 1366 4456 venire
1385 4392 1466 4457 bora

141 4502 255 4555 octava
281 4491 381 4554 iubet.
426 4489 527 4551 Verr.
555 4489 677 4549 Aecus.
702 4486 739 4559 9,
764 4484 823 4560 37,
849 4486 903 4550 91.

228 4585 359 4651 Causa
383 4586 541 4647 eadere.
584 4579 690 4643 Vide:
720 4579 786 4642 Ius
810 4579 947 4642 civile.

228 4678 384 4745 Carere
407 4675 583 4760 abaliquo.
607 4674 703 4738 Brut.
728 4674 765 4750 5,
792 4674 843 4736 18.
867 4708 908 4719 -
931 4672 1106 4752 Carere,
1131 4674 1163 4738 si
1183 4673 1342 4762 quidpiam
1362 4674 1468 4739 beret.

142 4775 244 4838 Verr.
268 4778 386 4840 Aecus.
411 4774 445 4849 1,
472 4773 529 4848 11,
555 4769 609 4832 31.
