3202 5318
162 356 163 360 .
212 285 275 377 272
698 282 849 353 mnax
871 281 1053 351 uncum.

407 482 549 547 Ssuvxur
572 495 602 547 et
626 481 804 550 Cuneorus.
847 483 927 548 Vid.
950 484 1107 550 Puuurm
1128 493 1159 546 et
1181 483 1338 547 Puerum.

777 665 969 728 Sourrcsue.

198 810 207 825 ‘
295 803 403 888 „Cum
432 807 473 871 P.
503 805 678 891 Sulpicius
706 805 851 869 tribunus
883 802 986 887 plebis
1015 807 1058 882 (a.
1090 825 1123 867 u.
1153 824 1184 866 c.
1215 803 1302 882 665.)
1333 813 1469 868 auctore
1498 801 1540 869 C.

188 892 320 965 'Mario
341 898 538 982 perniciosas
561 902 648 983 leges
674 896 928 984 promulgasset,
954 910 989 960 ut
1011 899 1135 962 exsules
1156 910 1388 973 revocarentur
1410 907 1442 961 et
1468 896 1544 960 novi

209 993 298 1059 cives
324 994 527 1079 libertinique
554 995 821 1059 distribuerentur
843 994 873 1057 in
899 993 1018 1072 tribus,
1051 1005 1083 1055 et
1105 1003 1138 1055 ut
1164 990 1206 1057 C.
1230 992 1358 1056 Marius
1388 995 1544 1057 adversus

211 1086 435 1155 Mithridatem
466 1088 565 1155 Ponti
593 1110 703 1173 regem
731 1091 796 1151 dux
820 1098 1000 1164 crearetur,
1035 1099 1067 1149 et
1092 1088 1333 1150 adversantibus
1357 1085 1543 1150 consulibus

211 1178 254 1265 0.
277 1183 436 1267 Pompeio
459 1194 491 1247 et
512 1184 555 1247 L.
580 1182 687 1247 Sullse
711 1181 772 1245 vim
798 1180 974 1259 intulisset,
1011 1180 1119 1246 occiso
1148 1181 1191 1261 Q.
1216 1180 1377 1263 Pompeio
1402 1181 1541 1245 consulis

207 1274 295 1354 blio,
319 1298 439 1363 genero
465 1277 587 1353 Sullae,
611 1278 655 1342 L.
677 1277 765 1342 Sulla
788 1277 898 1341 consul
922 1297 992 1339 cum
1015 1275 1160 1339 exercitu
1184 1275 1216 1338 in
1239 1278 1348 1338 urbem
1374 1276 1481 1353 venit,
1496 1284 1539 1355 ¹et

209 1370 361 1435 adversus
390 1369 563 1437 factionem
586 1369 718 1452 Sulpicii
748 1383 778 1433 et
810 1367 912 1433 Marii
939 1368 972 1432 in
1000 1369 1069 1452 ipsa
1091 1371 1171 1432 urbe
1194 1368 1370 1454 pugnavit,
1407 1391 1537 1456 casuque

208 1464 366 1548 expulit.”
410 1462 485 1529 Liv.
508 1463 600 1547 Epit.
623 1465 807 1529 LXXVII.
846 1462 934 1527 coni.
960 1463 1103 1546 Appisn.
1127 1463 1212 1529 Bell.
1237 1461 1313 1528 Cir.
1336 1463 1366 1526 I.
1396 1465 1438 1528 5⁵
1467 1484 1536 1547 seq.

292 1560 355 1633 ,tt
377 1558 565 1643 Sulpicius,
593 1558 738 1625 tribunus
755 1558 874 1640 plebis,
898 1558 1002 1639 legem
1019 1560 1058 1620 ad
1072 1559 1226 1641 populum
1241 1556 1330 1633 tulit,
1354 1579 1416 1641 qiua
1430 1557 1537 1643 Sullas

161 1696 168 1709 ·
207 1646 376 1734 imperium
408 1652 641 1739 abrogaretur,
677 1650 719 1717 C.
743 1651 855 1717 Mario
878 1651 997 1715 bellum
1018 1654 1245 1715 decerneretur
1266 1650 1534 1729 Mithridaticum,

208 1744 338 1833 (burel.
362 1744 494 1812 Victor.
518 1769 550 1811 c.
575 1750 658 1826 lm),
688 1747 829 1832 aliasque
851 1747 940 1830 leges
960 1745 1156 1828 perniciosas
1178 1758 1209 1809 et
1231 1744 1409 1810 exitiabiles
1435 1766 1537 1832 neque

207 1838 389 1929 toleraudas
411 1840 533 1904 liberae
555 1840 677 1904 civitati
698 1839 806 1904 tulit.''
850 1838 969 1904 Vellei.
993 1839 1041 1907 ΙΙ.
1066 1840 1122 1916 18,
1148 1841 1180 1906 6.

293 1935 403 2010 „Sulla
426 1957 497 1998 cum
520 1935 673 2019 Sulpicio
695 1936 824 2016 (bellum
849 1933 960 2021 gessit)
983 1934 1021 1996 ‹le
1044 1934 1115 1998 iure
1137 1938 1261 2020 legum,
1292 1955 1372 2023 quas
1393 1955 1455 2018 per
1477 1934 1537 1999 vim

209 2024 288 2092 lata's
319 2027 407 2092 Sulla
436 2028 594 2094 dicebat.''
638 2030 780 2112 Philipp.
809 2029 912 2093 Vlll.
941 2030 980 2106 2,
1011 2030 1043 2093 7.
1079 2021 1167 2096 Ὅσα
1193 2024 1260 2095 ὑπὸ
1281 2031 1539 2096 Σουλπικίου

208 2117 371 2209 κεκύρωτο
405 2121 490 2211 μετὰ
523 2121 582 2205 τὴν
613 2126 851 2210 κεκηρυγμένην
889 2119 952 2190 ὑπὸ
981 2124 1045 2190 τῶν
1072 2118 1205 2189 ὑπάτων
1233 2119 1371 2209 sipyinu,
1410 2117 1542 2191 ἅπαντα

209 2213 354 2289 διελύετο
369 2219 401 2300 (a
419 2218 506 2282 Sulln
522 2230 553 2282 et
567 2219 741 2302 Pompeio)
756 2213 799 2296 ὡς
814 2214 873 2283 οὐκ
888 2218 1019 2304 ἔννομα.
1042 2218 1182 2301 Appian.
1199 2221 1237 2281 de
1254 2219 1336 2284 Bell.
1353 2218 1430 2285 civ.
1443 2218 1474 2284 1.
1487 2219 1539 2283 59.

379 2378 539 2442 δυωιοιιι
560 2378 602 2441 de
623 2378 785 2443 exulibus
806 2378 1021 2444 reducendis.
1105 2401 1108 2406 ·

293 2486 505 2584 ,Sulpicium
530 2499 586 2583 qui
602 2499 844 2577 intercesserat,
869 2522 907 2563 ne
923 2501 1051 2575 exules,
1076 2501 1191 2585 qutibus
1211 2523 1336 2564 causam
1352 2500 1460 2566 dicere
1474 2523 1537 2567 non

208 2591 367 2669 licuisset,
392 2596 636 2671 reducerentur,
661 2595 742 2658 idem
770 2597 948 2678 posterius,
972 2596 1132 2658 immutata
1158 2599 1338 2671 voluntate,
1368 2617 1440 2658 cum
1463 2617 1538 2658 ean·

209 2688 278 2763 dem
302 2693 405 2773 legem
427 2688 546 2766 ferret,
572 2689 662 2753 aliam
687 2712 757 2754 sese
780 2691 866 2755 serre
888 2691 1027 2766 dicebat,
1052 2702 1188 2773 propter
1210 2692 1369 2761 nominum
1396 2711 1538 2754 commu·

209 2779 381 2846 tationemz
405 2804 475 2845 nam
498 2804 563 2846 non
585 2785 696 2848 exules
717 2787 774 2849 sed
797 2785 830 2849 vi
851 2785 971 2850 eiectos
993 2805 1028 2848 se
1049 2788 1205 2849 reducere
1228 2783 1367 2849 aiebat.”
1406 2785 1536 2851 adHe-

209 2894 303 2946 rson.
327 2877 376 2943 11.
397 2877 456 2956 28,
481 2880 535 2943 15.

378 3039 535 3103 Sourrctu
558 3041 600 3104 de
622 3062 788 3105 nouorum
810 3038 935 3104 civium
956 3039 1261 3127 libertinorumque
1282 3036 1483 3129 suffragiis.

294 3161 353 3234 ..R
371 3160 612 3247 Sulpiciumxin
630 3163 791 3226 tribunatu
815 3163 896 3225 banc
913 3164 1042 3226 candem
1065 3165 1170 3247 (quiam
1188 3162 1228 3229 C.
1244 3161 1411 3244 Manilius)
1435 3164 1540 3247 legem

69 3321 73 3329 ,
209 3251 458 3340 significavimus
484 3256 604 3321 tulisse.
649 3256 739 3320 Tulit
767 3248 869 3320 autem
899 3260 942 3322 L.
971 3259 1058 3323 Sulla
1087 3257 1129 3337 Q.
1160 3260 1319 3342 Pompeio
1342 3260 1538 3333 consulibus,

82 3422 88 3438 ἱ
210 3368 280 3412 eum
305 3369 363 3431 per
387 3347 449 3412 vim
472 3371 539 3414 rem
562 3349 722 3432 publicam
744 3352 938 3434 possedisset
968 3363 999 3415 et
1021 3355 1060 3414 ab
1083 3351 1177 3414 initiis
1201 3355 1356 3416 bonarum
1381 3352 1538 3417 actionum

210 3443 252 3517 ael
273 3442 413 3527 perditas
434 3465 630 3526 progressus
653 3456 754 3508 esset:
779 3449 867 3530 quod
891 3457 922 3510 et
943 3445 1062 3511 initium
1087 3445 1242 3510 bellorum
1266 3446 1406 3510 civilium
1430 3447 1489 3510 luit
1508 3458 1539 3510 et

208 3549 345 3620 propter
374 3540 462 3622 qasod
491 3538 558 3620 ipse
589 3537 749 3621 Sulpicius
777 3539 917 3604 consulis
947 3543 1042 3603 armis
1070 3540 1138 3602 iure
1162 3561 1335 3623 oppressus
1357 3561 1430 3603 esse
1454 3540 1538 3605 visus

210 3630 294 3707 111,η
341 3632 462 3697 Asson.
485 3631 515 3696 iu
539 3631 673 3721 Cornel.
697 3655 731 3715 p.
756 3632 809 3698 (id.
848 3632 904 3699 Cl.
928 3655 1024 3716 supra
1047 3635 1124 3698 Liv.
1150 3636 1239 3718 Epit.
1265 3635 1452 3701 LXXVII.

746 3795 998 3860 Sumeruunuse.

296 3913 521 3999 „Parsimonia
538 3917 622 3999 apud
637 3927 759 3979 veteres
774 3919 937 3981 Romanos
952 3929 982 3980 et
998 3917 1097 3981 victus
1112 3930 1205 4004 atque
1219 3940 1390 3983 coenarum
1402 3920 1536 3985 tenuitas

210 4030 275 4075 uon
303 4011 476 4076 domestica
505 4000 611 4076 sotun'
635 4011 863 4075 observatione
892 4033 928 4075 sc
951 4013 1134 4095 disciplina,
1166 4016 1223 4076 sed
1251 4015 1378 4096 publica
1407 4036 1537 4100 quinque

210 4107 484 4171 animsdversioue
509 4107 681 4192 legumque
709 4106 920 4188 complurium
943 4109 1159 4171 sanctionibus
1183 4111 1338 4174 custodita
1368 4109 1452 4173 est.’'
1496 4111 1538 4174 Α.

210 4201 333 4269 Gellius
355 4200 488 4274 11:24,
514 4205 545 4265 1.

295 4296 467 4382 „Longum
492 4294 565 4372 liat,
597 4286 633 4361 si¹
653 4314 838 4360 enumerare
869 4294 962 4360 velim
994 4308 1073 4380 quot
1102 4294 1306 4360 instrumenta
1335 4298 1429 4382 gulae
1457 4297 1540 4364 inter

210 4382 283 4451 illos
314 4390 364 4453 vel
394 4388 524 4474 ingenio
546 4389 687 4483 cogitata
715 4390 792 4465 sint,
831 4391 879 4453 vel
908 4393 1014 4457 studio
1037 4387 1196 4456 conlecta.
1242 4392 1285 4455 Et
1311 4393 1370 4456 hae
1393 4393 1539 4458 niuniu-una

211 4501 324 4544 causae
343 4483 492 4562 luerirnt,
517 4499 653 4568 propter
673 4507 752 4570 quas
776 4497 824 4549 tot
847 4507 981 4552 numero
1003 4486 1090 4571 leges
1118 4488 1156 4549 de
1178 4485 1286 4551 coenis
1308 4499 1338 4550 et
1361 4488 1540 4572 sumptibus

211 4575 251 4635 ad
273 4576 427 4657 populum
450 4578 652 4644 terebantur:
685 4592 717 4643 et
739 4579 887 4663 imperari
909 4580 1034 4662 coepit,
1059 4592 1092 4642 ut
1115 4583 1296 4662 patentibus
1319 4579 1420 4644 ianuis
1444 4603 1539 4664 pras·

210 4663 363 4731 citaretur
387 4681 418 4732 et
447 4672 681 4750 coenitaretur,
713 4674 823 4759 sieque
847 4675 949 4739 ortilis
977 4673 1093 4737 civium
1117 4676 1249 4740 testibus
1271 4675 1364 4740 lactis
1393 4676 1537 4741 luxuriae

211 4761 324 4823 modos
345 4759 472 4828 fieret.”
516 4767 670 4832 Macrob.
694 4768 825 4833 Saturn.
849 4768 895 4834 ll.
920 4769 973 4833 13.
995 4789 1031 4852 p.
1053 4768 1129 4833 stt.
