3202 5318
139 314 204 387 uo
239 300 242 309 '
763 312 916 397 sunnx

135 481 217 525 rone
247 459 308 525 iata
336 480 431 523 eausa
465 480 515 523 me
543 476 609 522 non
636 469 807 535 moveret,
833 480 871 521 ne
905 458 1032 523 rideret·
1065 459 1288 543 φιλιιδοξος.”
1311 464 1352 526 ad
1378 462 1451 528 Au.

134 554 239 620 xltl.
260 555 319 629 dl,
343 553 377 617 3.

220 646 421 729 Φιλήδονος,
447 658 586 711 emmor
606 646 803 731 uoluptatis.
856 647 930 730 „lu
963 647 1019 733 qui
1040 670 1058 712 ι
1080 649 1373 733 πολι-,φιλήδονοι
1393 672 1452 717 vo·

134 753 265 819 senem,
288 752 361 805 sunt
379 742 560 825 ⁸meludunum
583 752 615 804 et
636 747 858 823 φιλοδίκαιοι,
887 763 1059 830 omnesque
1081 744 1215 809 virtutes
1237 758 1269 809 et
1291 745 1403 809 nolum
1423 757 1454 809 et

131 830 311 901 ‘eulmen'
354 837 393 898 ad
416 837 509 899 Fan.
532 835 615 899 XV.
640 836 697 909 19,
720 835 755 899 3.

219 935 436 1010 daturum,
460 952 539 994 eum
564 927 721 1014 Philippo
730 926 876 1022 serere.
928 930 1185 1011 „nonensem
1215 930 1365 1018 quidem,
1399 933 1453 1018 qui

134 1026 250 1089 abhinc
271 1046 371 1089 annos
393 1044 496 1107 prope
520 1020 611 1089 CCC
633 1023 711 1100 fuit,
736 1026 797 1087 iam
819 1035 885 1087 tum
907 1032 1108 1112 φιλικιιίζιικ
1133 1026 1282 1108 Pythium
1304 1026 1452 1105 dicebat,

134 1118 251 1195 idest,
273 1119 364 1204 quasi
391 1140 462 1181 eum
484 1117 638 1201 Philippo
663 1116 810 1182 iuoere.''
854 1120 894 1181 de
914 1118 1026 1184 Dirin.
1051 1120 1097 1186 tt.
1118 1121 1175 1195 δι,
1203 1122 1277 1187 118.

80 1216 83 1222 ’
220 1214 436 1299 Φιλογόνεια,
471 1211 716 1276 mulierositas.
771 1209 953 1294 „Similiter
984 1214 1082 1278 eeteri
1111 1210 1233 1291 morbi,
1266 1228 1302 1279 ut
1330 1216 1453 1303 gloriae

133 1307 307 1396 cupiditas,
344 1318 379 1371 ιιι
399 1305 649 1383 mulierositas,
681 1317 715 1370 ut
736 1305 779 1370 ite
802 1307 960 1388 appellem
983 1328 1069 1386 eam,
1104 1329 1185 1394 quse
1211 1310 1340 1374 Genese
1361 1316 1453 1393 φιλο-

134 1403 245 1487 γόιιιιι
267 1401 400 1477 dieitur3
432 1399 595 1485 ceterique
620 1401 763 1465 similiter
785 1401 889 1465 morbi
911 1403 1213 1488 aegrotationesque
1236 1404 1451 1468 ιιιοιιιιιιι.”

136 1498 233 1561 Τοιο.
256 1497 319 1561 lV.
344 1499 400 1570 11,
423 1496 477 1560 25.
904 1488 912 1502 ”

221 1591 415 1675 Φιλόδημος.
459 1588 536 1655 Vid.
580 1591 708 1657 Πάντα.

221 1691 448 1761 Φιλοδίκαιος,
484 1684 662 1749 atruiiosus
691 1685 788 1748 iusti.
840 1685 914 1766 ‚,1i,
947 1685 1002 1771 qui
1032 1706 1048 1748 a
1079 1686 1172 1750 vobis
1199 1685 1379 1767 φιλήδονοι
1400 1706 1455 1751 vo·

134 1792 265 1855 eantur,
299 1789 372 1843 seint
400 1778 579 1862 φιλόκαλοι
607 1790 639 1842 et
669 1785 891 1860 φιλοδίκαιοι,
923 1801 1097 1866 omnesque
1127 1779 1263 1844 virtutes
1290 1786 1324 1846 et
1349 1781 1453 1846 eolont

135 1884 167 1938 et
185 1873 361 1937 retinent.”
406 1875 445 1936 sd
467 1873 567 1959 Fam.
582 1873 663 1938 XV.
689 1874 744 1947 19,
770 1872 801 1936 3.

220 1972 440 2054 Φιλοθιιιρος,
466 1966 643 2049 spectandi
663 1966 820 2048 cupidus.
868 1968 991 2047 „Quod
1019 1967 1051 2030 iu
1083 1965 1247 2032 Britannia
1273 1990 1340 2033 non
1367 1969 1451 2034 nitria

135 2069 340 2148 φιλοθέωρον
359 2073 390 2125 te
405 2059 593 2144 praebuisti,
619 2061 711 2141 plane
730 2080 794 2125 uon
809 2064 1049 2143 reprebendo.”
1073 2064 1112 2126 ad
1134 2063 1226 2126 Fam.
1249 2064 1336 2128 vll.
1354 2069 1405 2141 lb,
1422 2069 1450 2129 1.

220 2156 417 2231 Φιλόκαλος,
445 2166 584 2219 amator
605 2155 751 2219 honesti.
804 2157 874 2237 „li‚
901 2156 958 2242 qui
984 2177 1001 2219 ι
1023 2156 1117 2222 vobis
1139 2152 1316 2239 φιλήδονοι
1336 2180 1450 2224 voma-

133 2263 206 2331 tur,
227 2262 301 2315 aunt
324 2249 503 2333 φιλόκαλοι
521 2261 552 2312 et
574 2255 798 2331 φιλοδίκαιοι,
823 2272 997 2336 omoeoque
1019 2250 1152 2315 riruuea
1174 2261 1207 2315 et
1221 2252 1339 2317 soluet-
1353 2264 1388 2318 et
1406 2274 1452 2317 re·

132 2345 269 2411 tinent.''
312 2347 353 2408 ιδ
375 2345 467 2409 Fun.
490 2344 572 2407 XV.
597 2345 654 2420 19,
679 2345 712 2409 3.

220 2440 406 2523 Φιλόλογα,
440 2438 594 2513 eruditu,
628 2460 716 2524 quoe
741 2440 879 2504 littems
903 2452 1071 2525 spectent.
1123 2440 1341 2520 „tunsam
1363 2443 1451 2507 οόδιι

133 2536 349 2608 interitione,
373 2539 537 2616 φιλολογα
554 2531 689 2598 ιιιιλιι.”
733 2537 772 2597 ud
796 2537 866 2598 ιλιι.
889 2535 993 2598 Xlll.
1018 2534 1076 2608 bl,
1101 2533 1133 2597 l.
1157 2566 1200 2581 -·
1242 2533 1365 2615 „Quae
1386 2536 1451 2620 qui·

134 2631 203 2693 deur
231 2641 320 2692 erant
344 2634 509 2710 φιλολογα
531 2638 564 2689 et
585 2625 756 2712 diguitatin
768 2648 874 2703 mese,
910 2640 943 2691 ut
967 2628 1019 2691 vel
1042 2628 1073 2690 in
1099 2626 1250 2691 contione
1274 2628 1380 2692 dicere
1399 2648 1450 2693 au·

133 2721 285 2786 derem.''
330 2727 367 2784 sd
392 2726 461 2786 ιλιι.
483 2723 565 2785 XV.
590 2725 647 2796 15,
679 2723 711 2785 2.

219 2820 416 2899 Φιλολογία,
448 2837 549 2880 umor
570 2816 770 2899 disputandi
796 2819 848 2895 (οι
866 2816 935 2899 ipsa
958 2815 1153 2899 disputatio)
1182 2817 1226 2881 ds
1245 2816 1377 2882 atrediie
1393 2818 1451 2882 tlo-

134 2909 283 2986 οινὶοοι,
306 2911 348 2972 de
369 2911 471 2973 rebus
491 2911 683 2974 subtilibus.
730 2911 832 2991 „Non
854 2923 903 2975 eat
924 2912 1006 2975 enim
1028 2912 1187 2974 seiunctus
1209 2910 1303 2975 ioeus
1325 2919 1451 2994 ιφιλιο-

135 3013 232 3090 loyen
255 3016 286 3067 et
306 3003 487 3088 quotidiana
505 3003 715 3084 ουζιιιήσει.”
759 3006 798 3067 ιδ
820 3004 911 3070 Fam.
934 3005 1034 3070 XVI.
1059 3007 1119 3083 tt,
1144 3008 1176 3069 d.

219 3099 484 3183 Φιλολογιότιρα,
507 3099 718 3173 eruditiore,
740 3099 934 3163 subtiliora.
976 3101 1232 3184 „Posteaquam
1259 3101 1341 3167 haee
1363 3102 1452 3187 eoepi

135 3193 399 3277 φιλολογιότιοα,
424 3193 485 3255 istu
511 3193 622 3256 Varro
649 3192 723 3255 mibi
745 3194 987 3256 denuntiaverat
1009 3214 1153 3278 maguam
1173 3212 1250 3258 saue
1272 3205 1451 3280 etgraves·

134 3287 411 3375 κροσφιόνησιι.”
465 3289 504 3349 ad
528 3288 597 3350 Au.
619 3287 721 3351 Xlll.
739 3288 796 3362 12,
826 3288 860 3351 3.
913 3284 1090 3371 Φιλόλογος
1112 3301 1159 3350 est
1182 3287 1317 3369 proprie
1334 3289 1452 3354 studio·

133 3403 187 3445 aus
209 3381 455 3463 disputationum
481 3380 670 3443 eruditarum
691 3384 730 3443 de
746 3381 857 3444 studiis
877 3383 1064 3458 doetrinae,
1091 3384 1172 3445 unde
1195 3382 1362 3465 φιλόλογα
1383 3394 1452 3446 sust

134 3496 203 3551 res,
229 3475 397 3559 dequibus
416 3475 614 3557 disputatur,
638 3478 817 3559 φιλολογια
836 3474 1006 3558 disputatio
1021 3475 1109 3558 ipsa,
1134 3496 1217 3558 quse
1232 3488 1265 3540 et
1286 3476 1452 3558 ουςῆιῃις

134 3570 263 3634 dieitur.
307 3569 387 3633 Vid.
415 3571 456 3632 ad
486 3569 575 3632 Fam.
607 3569 707 3633 xvi.
739 3571 798 3641 91,
832 3570 865 3633 l.
896 3581 928 3632 et
947 3576 1204 3654 ουμφιλολογιῖι
1224 3568 1361 3648 ibidem,
1395 3594 1450 3634 una

134 3666 316 3749 disputare,
351 3662 555 3746 disputationi
578 3662 744 3728 interesse.
764 3711 767 3715 -
794 3664 874 3727 Item
895 3663 944 3726 sie
962 3664 1160 3750 philologus
1185 3665 1226 3727 sd
1255 3667 1330 3728 Art.
1351 3664 1451 3731 xltt.

134 3761 195 3836 tt,
218 3759 238 3823 3
261 3770 293 3822 ιι
315 3757 371 3833 tt,
396 3760 428 3820 1.
471 3757 535 3822 Sed
553 3756 675 3820 inseitis
697 3769 881 3823 nostrorum
904 3755 1084 3832 hominum,
1108 3756 1151 3820 ita
1179 3769 1214 3821 ut
1235 3758 1449 3837 humanitatis,

132 3853 351 3919 humaniorum
366 3851 559 3926 litterarum,
584 3852 825 3934 litterarumque
845 3851 989 3926 nomine,
1013 3851 1178 3915 restrinxit
1196 3853 1236 3915 ad
1253 3864 1341 3918 certa
1356 3874 1450 3939 quee-

133 3951 203 4013 dam
227 3947 338 4011 artium
364 3964 483 4030 genere
510 3945 596 4025 (vid.
621 3946 845 4012 Prolusiouem
869 3957 1010 4011 nostram
1033 3947 1072 4010 de
1094 3945 1210 4009 fluibus
1233 3947 1450 4014 hermeniorum

132 4041 309 4107 litterarum
342 4041 513 4126 regundis)
546 4051 578 4105 ιι
608 4060 624 4102 a
653 4038 831 4125 philologia
861 4038 998 4104 seiunxit
1018 4040 1269 4123 philosophiam,
1300 4039 1336 4106 in
1359 4064 1450 4128 quau

133 4138 184 4200 vel
207 4136 341 4200 manime
359 4136 526 4210 convenit,
557 4148 592 4198 ut
612 4156 653 4198 ex
670 4133 839 4200 Ciceronis
859 4134 957 4211 loeis,
982 4136 1012 4197 in
1038 4134 1148 4216 primis
1171 4133 1274 4199 Xlll.
1299 4138 1373 4215 li„
1405 4139 1451 4201 ie-

132 4231 234 4317 telligi
253 4240 377 4313 potest,
408 4227 484 4292 item
509 4231 645 4294 e'l'use.
688 4230 752 4292 Sed
772 4231 849 4293 haee
867 4241 940 4292 stent
961 4229 1224 4312 φιλολογόιιρα,
1256 4230 1449 4296 subtiliora.

134 4325 197 4388 Sed
222 4327 303 4389 XV.
335 4326 387 4389 tt.
414 4324 593 4408 philologo
618 4344 681 4386 uon
705 4335 776 4386 suut
796 4324 953 4401 medita,
988 4345 1099 4387 renum
1118 4323 1338 4405 probabitis,
1371 4344 1450 4411 qnae

133 4417 287 4500 disputari
301 4417 513 4501 probabiliter
535 4417 670 4500 possint.
693 4418 778 4482 Eun.
803 4417 903 4483 Goni.
924 4418 1061 4482 Lobenk
1075 4420 1112 4482 ad
1129 4417 1308 4497 Phryuieb.
1325 4440 1359 4504 p.
1375 4421 1449 4486 393.

218 4515 438 4598 Φιλδκαιρις,
464 4512 600 4595 patriae
630 4533 765 4576 omaus.
822 4515 907 4586 „Est
937 4512 1048 4576 eonsul
1080 4512 1294 4595 φιλόπατρις,
1329 4524 1385 4592 οι,
1418 4526 1450 4577 ut

133 4626 259 4688 semper
272 4605 426 4682 iudicavi,
452 4620 561 4671 natura
588 4607 733 4672 bonus.'’
777 4610 815 4670 ed
838 4613 909 4672 Αιι.
933 4608 981 4672 11.
1003 4609 1041 4682 1,
1066 4609 1099 4670 l.
1122 4642 1165 4656 -
1207 4607 1334 4687 „Quen
1355 4609 1450 4693 φιλό

134 4722 254 4785 usurpes
275 4719 312 4762 ιο
340 4701 507 4769 enittendo
528 4701 664 4765 hominis
690 4702 856 4784 prudentis
877 4713 910 4765 οι
928 4700 1019 4767 amici
1039 4700 1094 4764 teli
1113 4701 1274 4766 admonitu
1297 4722 1360 4768 aon
1384 4725 1449 4768 nso·

133 4807 225 4863 vetet
247 4793 471 4859 suetonium
513 4799 553 4860 ad
575 4798 644 4861 Αιι.
664 4797 730 4861 IX.
752 4799 809 4872 10,
834 4796 867 4860 t.
