3202 5318
545 340 697 413 ruonx
715 338 899 415 aranu.
1325 338 1387 415 ns
1496 430 1501 445 ¹

66 511 141 555 cum
160 487 356 552 conferenda
377 495 467 561 sunt,
502 506 584 571 qnae
612 487 806 570 paulopost
835 490 867 561 5.
900 486 952 550 dl.
983 484 1102 553 Cicero
1130 485 1221 564 dicit,
1252 491 1386 554 veebum

62 583 226 651 coitionis
259 581 329 664 ipse
360 592 489 662 optume
522 581 703 663 explicans:
743 603 848 667 quam
878 581 1035 645 convenit
1065 581 1215 646 nondum
1246 583 1390 667 cognita

60 678 189 765 populi
202 679 376 742 voluntate
391 677 469 749 laos,
492 695 595 759 quos
615 675 699 738 iam
720 688 804 740 tum
824 672 1242 767 coniunctosfuisse
1262 677 1385 756 dicis,

61 773 237 838 mennam
256 789 401 835 suarum
423 768 592 844 tribuum,
616 790 685 853 quo
705 790 767 833 nos
785 768 1053 846 adissuaremini,
1066 766 1219 861 fecitne.

148 864 223 933 cic.
247 866 287 927 ad
308 867 380 928 Ait.
403 863 431 927 1.
455 866 507 925 17.
535 862 718 927 Lucceium
737 863 826 927 scito
848 866 1064 928 consulatum
1082 864 1206 930 habere
1219 866 1257 929 in
1270 867 1388 932 animo

60 960 182 1027 statim
206 971 338 1043 petere.
383 960 465 1021 Duo
494 956 586 1019 enim
615 956 681 1021 soli
707 952 870 1021 dicuntur
895 958 1053 1041 petituri.
1098 961 1228 1051 Caesar
1249 982 1327 1024 cum
1346 982 1389 1027 eo

59 1056 154 1121 coire
171 1075 239 1138 per
261 1051 403 1119 Arrium
420 1048 569 1133 cogitatr
590 1062 623 1114 et
644 1051 787 1117 Bidtdue
807 1072 886 1115 cum
906 1053 972 1117 lanc
984 1072 1022 1115 ss
1038 1062 1139 1135 putat
1152 1074 1216 1136 per
1228 1053 1389 1121 Pitanem

54 1172 164 1236 posse
184 1145 363 1229 coniungi.
946 1192 949 1197 -

147 1241 220 1308 Cic.
244 1244 284 1304 ad
307 1241 350 1320 Q.
375 1239 434 1302 Fr.
456 1239 522 1303 111.
544 1241 577 1303 l.
603 1239 707 1323 Quod
727 1239 850 1303 acribia
865 1252 899 1304 te
912 1240 1052 1305 medicae
1067 1240 1104 1305 in
1124 1241 1389 1309 candidatorum

60 1336 297 1403 consularium
312 1332 459 1396 coitione
474 1353 527 1396 me
549 1330 771 1419 interfuisse,
793 1334 831 1396 id
831 1334 980 1427 salsum
997 1345 1060 1399 est.
1102 1336 1286 1403 Eiusmodi
1297 1339 1390 1405 enirn

56 1431 240 1516 pactiones
265 1428 300 1491 in
321 1449 363 1490 ea
384 1426 532 1490 coitione
554 1424 679 1513 factae
703 1440 804 1504 sunt,
829 1450 917 1513 quas
938 1439 1063 1512 postea
1082 1432 1272 1496 Memmius
1289 1444 1390 1517 pate·

50 1524 170 1619 jecit,
193 1536 233 1589 ut
253 1544 353 1586 tremo
373 1522 482 1586 bonus
507 1520 673 1585 interesse
698 1520 870 1595 debueritr
889 1535 924 1586 et
947 1522 1053 1587 simul
1080 1524 1165 1588 milri
1188 1528 1389 1593 conmitten-

64 1620 148 1684 dum
164 1641 244 1705 ¹non
261 1617 364 1710 suit,
395 1628 433 1678 ut
454 1614 499 1679 iis
520 1614 725 1679 coitionibus
745 1616 965 1694 interessem,
989 1617 1114 1703 petibus
1133 1622 1304 1687 Messalla
1324 1644 1389 1688 ea·

62 1714 274 1779 eluderetur.

148 1810 270 1872 Eadem
294 1809 333 1870 de
355 1827 392 1869 re
415 1802 534 1869 Cicero
557 1802 649 1866 etiam
673 1806 713 1866 ad
735 1805 807 1869 Aac.
829 1805 894 1869 tv.
918 1807 971 1870 tn.
994 1806 1135 1890 scripsit.

149 1903 264 1988 ltaque
280 1900 524 1973 manifestumst,
547 1897 684 1980 primum
699 1897 779 1982 legis
797 1898 954 1978 Liciniae,
979 1923 1060 1987 quse
1078 1905 1117 1967 dc
1136 1902 1297 1970 sodaliciis
1313 1905 1386 1981 init,

62 2009 157 2082 caput
180 2018 244 2061 nnn
265 1996 355 2069 illut,
388 1992 519 2076 nequis
545 1991 665 2067 coiret,
699 2013 808 2056 veriam
832 1995 894 2058 hnc
917 2016 987 2059 esse
1008 1997 1171 2073 debuisse,
1201 2020 1242 2063 uc
1267 2000 1337 2082 quia
1356 2000 1389 2065 in
1447 2030 1450 2035 ·

63 2091 217 2176 petitione
233 2088 453 2154 sodalitatibus
471 2090 509 2150 ad
528 2089 749 2171 extorquenda
769 2089 879 2170 populi
894 2088 1048 2176 suffragia
1064 2104 1219 2157 uteretur.
1263 2094 1390 2160 Nihilo·

61 2186 164 2251 ninus
176 2206 240 2249 nnn
255 2184 385 2261 dubito,
410 2181 485 2266 quain
501 2182 571 2244 illut
586 2201 716 2264 quoqne
729 2180 764 2244 in
780 2182 852 2267 lege
869 2183 927 2245 ista
943 2186 1155 2267 perscriptum
1171 2186 1389 2272 sancitamque

61 2280 178 2351 suerit,
212 2277 343 2363 nequis
369 2277 483 2341 coiret.
528 2277 608 2338 Nam
635 2273 734 2338 coitio
755 2274 808 2337 illa
834 2278 874 2339 ad
898 2278 962 2340 vim
985 2279 1183 2360 pertinebat,
1213 2281 1386 2366 siquidem,

63 2386 98 2439 ut
126 2374 179 2439 slii
208 2371 363 2437 candidati
390 2372 514 2435 bonore
539 2369 759 2444 deicerentur,
786 2368 902 2436 eliecit.
948 2371 1025 2436 Fnit
1054 2384 1157 2437 atatem
1182 2376 1233 2439 lex
1263 2375 1388 2441 Licinia

64 2490 175 2535 corun
205 2488 317 2531 caussa
351 2467 429 2540 lata,
465 2463 519 2548 «μή
549 2465 588 2525 ad
612 2462 844 2543 adipiscendum
872 2464 1029 2528 honorem
1066 2466 1128 2530 vim
1159 2471 1387 2536 adhibuissent.

68 2562 222 2638 Accedit,
254 2563 341 2646 qisod
364 2559 463 2624 coitio
487 2557 540 2620 illa
561 2554 632 2621 lieri
653 2555 708 2619 six
730 2556 851 2638 potuit,
887 2556 946 2621 nisi
970 2558 1032 2634 ita,
1067 2573 1101 2624 ut
1125 2563 1300 2640 candidati,
1333 2565 1388 2651 qati

65 2656 224 2731 muscas,
260 2654 422 2720 sodalibus
451 2655 489 2714 ad
516 2671 599 2726 rem,
635 2671 728 2733 qnam
761 2650 929 2726 volebant,
964 2659 1179 2739 peragendam
1209 2671 1386 2724 niterentur.

67 2751 229 2837 Denique,
255 2770 322 2836 qtso
337 2746 489 2812 sententia
506 2767 574 2809 usca
589 2765 724 2827 prossus
739 2744 963 2822 confirmatur,
989 2768 1029 2812 ex
1045 2749 1114 2832 ipsa
1130 2753 1276 2817 oratione
1291 2752 1388 2821 Pla·
1404 2812 1422 2847 ς

66 2846 153 2909 eiam
176 2843 342 2918 discimus,
367 2844 573 2906 Laterensem
594 2840 626 2903 id
647 2838 750 2921 ipsum
765 2840 899 2905 Plancio
920 2839 1093 2920 obiecisse,
1116 2849 1204 2929 quod
1218 2847 1387 2914 coitiones.

66 2939 201 3007 iecisset.
243 2940 326 3002 Vide
349 2935 388 3003 C.
410 2936 529 2999 ΧΧΙΙ.
553 2941 583 3013 §.
607 2933 661 2997 53.

681 3099 711 3172 θ.
733 3093 766 3158 3.

134 3215 180 3268 De
200 3230 303 3283 genere
323 3210 422 3275 indici,
449 3208 523 3280 quad
539 3214 569 3260 r‘n
587 3207 785 3260 sodaliciorum
804 3225 868 3261 rens
887 3209 949 3278 Iege
968 3209 1078 3263 licinia
1096 3219 1249 3270 exercitum
1267 3226 1316 3276 sit.

151 3316 422 3399 Quemadmodum
451 3311 580 3397 gravius
615 3312 839 3375 sodaliciorum
872 3335 964 3394 quam
995 3315 1130 3381 ambitus
1165 3321 1282 3386 crimen
1313 3324 1385 3404 luit,

66 3412 107 3475 ita
130 3410 276 3474 acerbius
305 3408 395 3470 ctiam
418 3406 449 3469 in
471 3405 696 3470 sodaliciorum
725 3427 817 3481 reos,
850 3428 942 3490 qnam
966 3410 998 3472 in
1019 3432 1094 3487 eos,
1126 3412 1178 3496 qui
1202 3416 1240 3479 de
1269 3421 1388 3484 ambitu

67 3504 218 3589 postulati
247 3515 356 3573 crant,
391 3499 771 3564 iudiciumconstitntum
797 3513 876 3564 erat.
922 3505 1035 3587 Neque
1070 3528 1131 3589 qaia
1159 3506 1190 3571 in
1219 3530 1255 3573 re
1284 3512 1387 3594 posita

67 3601 163 3666 interit
185 3597 277 3661 basius
303 3596 396 3659 iudici
424 3594 597 3667 acerbitas,
631 3594 689 3657 etsi
717 3614 778 3657 non
805 3607 852 3658 est
874 3598 914 3659 ab
937 3596 992 3669 iis,
1026 3600 1080 3683 qni
1107 3603 1240 3690 delego
1263 3604 1388 3671 Licinia

68 3705 302 3779 exposuerunt,
334 3689 409 3755 satis
434 3688 645 3762 intellectum,
678 3687 859 3752 coniectura
883 3702 1001 3754 tantum
1024 3694 1174 3773 divinari,
1207 3720 1319 3763 versun
1347 3721 1387 3764 ex

67 3793 127 3855 bac
150 3789 219 3872 ipsa
251 3787 398 3851 oratione
426 3782 503 3846 satis
532 3803 693 3866 superque
723 3786 934 3849 demonstrari
960 3798 1078 3870 potest.
1121 3792 1242 3856 Scribit
1269 3792 1387 3859 Cicer'o

66 3885 109 3952 C.
133 3885 216 3949 XV.
239 3889 270 3959 §.
295 3881 351 3943 36:

151 3983 210 4045 Set
231 3974 419 4060 aliquando
440 3972 617 4036 ueniamus
642 3972 689 4034 ati
715 3993 891 4049 caussam,
927 3974 963 4040 in
990 3999 1059 4063 qua
1082 3989 1121 4043 tu
1144 3979 1280 4045 nomine
1299 3982 1388 4068 legis

64 4074 237 4148 Liciniae,
264 4080 384 4158 quaest
412 4067 453 4130 de
477 4066 671 4142 sodaliciis,
700 4069 813 4134 omnis
837 4071 984 4136 ambitus
1009 4075 1103 4156 leges
1123 4077 1313 4158 conplexus
1337 4099 1387 4143 es.

63 4172 185 4255 Neque
212 4167 303 4230 enim
329 4163 511 4249 quicquam
536 4160 625 4223 aliut
650 4161 685 4224 in
706 4164 770 4226 linc
792 4167 867 4249 lege
888 4165 960 4230 nisi
983 4167 1189 4233 editicios
1221 4168 1388 4236 iudices

61 4275 200 4327 secretus
226 4283 271 4324 es.
314 4258 417 4342 Quod
441 4276 551 4339 genus
578 4254 786 4321 iudiciorum
807 4261 839 4323 si
863 4272 915 4324 est
935 4280 1054 4324 aecum
1079 4263 1151 4324 ulla
1171 4261 1206 4324 in
1231 4284 1284 4340 re,
1319 4264 1389 4329 nisi

61 4359 97 4421 in
119 4360 184 4421 isac
206 4353 394 4427 tribuaria,
430 4370 499 4414 non
528 4348 708 4433 intellego,
742 4355 962 4436 quamobrem
993 4366 1132 4417 senatus
1162 4358 1225 4420 boc
1252 4379 1322 4424 uno
1350 4360 1388 4424 in

61 4474 188 4536 genere
209 4450 348 4513 tribus
369 4445 437 4510 edi
459 4443 646 4508 noluerit
667 4446 716 4509 ab
736 4460 1011 4513 accurtatore
1033 4469 1139 4533 neque
1151 4451 1294 4515 eandem
1311 4452 1384 4519 etii·

61 4547 190 4611 tionem
230 4541 448 4606 transtulerit
480 4539 515 4601 in
543 4550 676 4602 ceteras
706 4562 867 4616 casuras,
901 4544 942 4605 tle
969 4543 1046 4624 ipso
1076 4543 1219 4628 denique
1253 4548 1388 4613 ambitu

63 4640 281 4705 reiectionem
289 4636 379 4715 fieri
398 4632 543 4699 noluerit
556 4632 708 4696 iudicum
721 4637 951 4711 alternorum,
974 4657 1117 4723 eumque
1131 4640 1263 4703 nullum
1276 4662 1387 4726 genus

62 4734 262 4799 acerbitatis
275 4727 583 4815 praetermitteret,
607 4728 671 4792 lsoc
685 4739 799 4792 tamen
813 4749 920 4793 unum
932 4733 1223 4813 praetereundum
1232 4737 1383 4821 pertarit.

65 4841 96 4895 et
119 4826 161 4895 C.
187 4827 286 4891 XVI.
310 4831 339 4905 §.
362 4825 415 4887 38.
439 4823 534 4885 baec:
