3202 5318
639 320 792 391 mosa
811 322 993 393 nncou.
1213 402 1218 411 ,
1413 328 1474 393 su

138 438 265 553 Quieta.
308 468 349 535 in
376 466 426 533 his
448 477 518 531 crat
538 466 632 532 etiam
653 464 858 542 constitutio,
894 486 955 552 qua
977 476 1102 529 cantarm
1124 478 1208 543 crat,
1242 488 1284 533 ne
1303 466 1472 558 carnifex

146 544 187 629 ἦ
204 562 331 631 aviam
350 562 608 649 ingrederetur,
632 561 722 627 cuius
744 559 861 625 mentio
875 580 938 642 pro
960 558 1095 626 Rabirio
1117 561 1218 625 Pcrd.
1240 582 1273 626 c.
1293 564 1332 638 5,
1357 565 1410 628 15.
1432 566 1473 626 ad

146 674 247 745 μ
274 654 383 725 iacun
412 654 478 721 vid.
509 656 694 723 Turnebus.
737 653 824 719 Hine
850 675 963 717 mursae
989 651 1082 718 etiam
1111 657 1151 719 ad
1178 675 1330 720 censores
1350 656 1403 742 agi
1422 656 1475 721 di·

145 762 288 831 ua,
320 770 363 814 ex
390 747 528 813 hisacii.
554 748 694 835 iegibus.
716 749 819 814 Varr.
842 748 886 813 R.
911 749 954 813 R.
976 746 1005 813 1.
1028 750 1060 811 7.
1081 759 1165 815 extr.
1206 749 1283 831 Ipsa
1303 749 1397 813 etiam
1418 750 1476 814 ian

145 842 274 913 adu
286 844 327 911 de
341 844 427 910 notia
442 842 600 909 censoriis
614 845 709 909 docet
723 863 834 909 causas
849 844 999 926 quaedam
1014 845 1101 926 apud
1114 863 1172 907 cos
1186 853 1270 907 actas
1285 862 1367 908 ease.
1389 842 1474 909 nu.

421 1021 475 1089 De
496 1019 667 1089 Cauaras:
690 1022 859 1101 Aemilia,
882 1021 1050 1100 Publilia,
1073 1020 1207 1089 Clodiu.

700 1201 920 1269 Cenaeum

144 1326 202 1391 lex
221 1326 277 1407 (de
300 1326 375 1410 iege
397 1347 469 1413 agr.
492 1325 539 1392 11.
563 1327 622 1401 11,
646 1325 714 1405 26.)
737 1325 870 1403 dicitur,
902 1325 1053 1411 quicquid
1071 1326 1105 1390 in
1129 1323 1264 1392 comitiis
1289 1324 1473 1393 cmmriatia

145 1422 188 1487 ad
207 1421 366 1510 populum
386 1420 507 1500 knut,
531 1419 625 1485 etiam
647 1422 686 1485 dc
710 1420 948 1508 magistratiinu
966 1421 1131 1501 creandis,
1154 1432 1191 1487 ut
1210 1422 1232 1488 i.
1254 1442 1285 1486 c.
1305 1420 1388 1486 Ena.

524 1599 703 1667 Crassum
746 1599 827 1666 Vid.
850 1602 1102 1666 Susurusurnr.

568 1777 762 1846 Cutaoau.
804 1778 885 1847 Vid.
909 1781 1055 1846 Tonans.

639 1957 763 2025 Canem
785 1948 986 2024 muneralis.

230 2083 375 2165 „Patres
398 2082 501 2168 legem
523 2081 677 2147 Cinciam
692 2082 857 2166 flagitant,
881 2104 945 2169 qua
967 2097 1101 2150 cavetur
1121 2081 1312 2169 antiquitus,
1336 2104 1378 2147 nc
1396 2082 1474 2170 quis

142 2176 186 2243 oi
211 2196 361 2241 causam
383 2175 554 2241 orandam
573 2178 759 2260 pecuniam
786 2177 955 2241 donumve
982 2175 1160 2259 accipiat.‘’
1217 2175 1325 2240 Tacit.
1354 2175 1474 2241 Arnai.

144 2272 212 2337 xl.
230 2272 265 2335 5.
286 2269 335 2333 ci'.
358 2270 460 2335 xttl.
483 2270 536 2333 tn.
560 2304 601 2317 -
623 2272 826 2351 „Orator-um
843 2270 967 2334 licentia
985 2270 1140 2335 Cinciam
1153 2268 1375 2355 rogationem,
1397 2288 1474 2331 can·

144 2364 331 2430 didatorum
351 2363 489 2427 ambitus
514 2364 611 2429 Iulias
638 2365 746 2447 leges,
779 2364 1017 2449 magistratuum
1043 2363 1176 2427 avaritia
1199 2360 1370 2445 Calpurnia
1395 2361 1475 2425 scita
1503 2376 1511 2385 ·

145 2456 382 2547 prpamnt.''
425 2457 533 2523 Tacit.
556 2460 644 2522 Anu.
667 2459 749 2524 XV.
771 2459 825 2521 20.
848 2491 889 2503 -
926 2456 1040 2538 „Quid
1068 2457 1171 2541 legem
1192 2456 1347 2522 Cinciam
1375 2453 1473 2534 (exci-

145 2552 246 2633 tarit)
273 2553 316 2616 de
341 2550 433 2615 donis
458 2563 490 2616 ct
513 2554 715 2627 marnes-ibus,
750 2551 809 2615 nisi
837 2551 910 2633 quia
936 2549 1103 2635 vectigalis
1127 2550 1188 2614 iam
1214 2561 1246 2613 et
1270 2547 1475 2631 stipendiaria

146 2646 260 2731 phines
282 2666 353 2710 esse
370 2645 492 2710 senatui
515 2646 715 2730 coeperat?”
737 2645 814 2709 Liv.
838 2644 1008 2709 XXXIV.
1032 2646 1064 2708 1.
1088 2675 1129 2688 -
1152 2643 1340 2726 „Quaestor
1361 2639 1474 2707 deinde

147 2738 361 2827 quadriennio
382 2753 456 2822 pou
475 2739 581 2804 factus
602 2762 687 2816 sum,
717 2760 810 2824 quem
833 2739 1052 2822 magistratum
1082 2739 1167 2825 gessi
1192 2738 1378 2803 consulibus
1406 2740 1475 2802 Τιι·

147 2834 258 2901 ditaao
287 2845 322 2899 ct
349 2833 513 2918 Cetheg03
547 2856 617 2898 urm
643 2831 769 2919 quidem
794 2833 849 2897 iile
872 2833 931 2913 (Q.
958 2833 1076 2898 Fabius
1106 2833 1283 2913 Maximus)
1304 2836 1473 2901 admodum

146 2950 245 2993 unca
264 2949 380 2993 suasor
396 2929 476 3012 legis
491 2928 628 2994 Cinciae
649 2930 688 2991 de
704 2927 795 2991 donis
815 2938 848 2989 ct
865 2926 1048 2990 muneribus
1067 2926 1160 2992 tuisf
1205 2926 1290 2994 Cato
1308 2931 1344 3006 t,
1364 2931 1416 2992 10.
1432 2961 1473 2973 -

147 3024 276 3105 „Saepe
302 3021 396 3087 ctiam
423 3023 616 3086 sententiose
640 3022 771 3085 ridicula
801 3021 970 3094 dicuntum
1002 3032 1037 3083 ut
1065 3024 1121 3086 M.
1145 3022 1299 3099 Cincius,
1335 3046 1401 3109 quo
1423 3022 1473 3088 die

144 3118 251 3203 legera
277 3117 317 3179 de
339 3117 431 3181 donis
457 3129 488 3180 ct
514 3116 697 3180 muneribus
718 3115 806 3189 tulit,
837 3136 908 3178 cum
940 3114 982 3180 C.
1011 3113 1117 3180 Cento
1143 3115 1314 3198 prodiisset
1340 3129 1371 3181 et
1395 3117 1473 3183 satis

143 3209 375 3274 contumeliose
397 3211 491 3294 (inici
499 3208 608 3301 scre,
635 3211 806 3273 Cincioic?
827 3209 1022 3294 quaesisset:
1047 3212 1092 3273 Ut
1115 3230 1228 3285 emas,
1249 3208 1370 3297 inquit,
1396 3212 1471 3287 Cui,

142 3305 174 3368 ai
193 3304 249 3368 uti
269 3304 389 3368 ociis.''
421 3307 460 3367 de
476 3303 566 3370 Orat.
581 3304 631 3369 11.
651 3307 708 3380 71,
725 3305 800 3367 28⁶.
823 3336 863 3348 -
887 3305 957 3385 ‚,L.
975 3303 1123 3387 Papirius
1138 3305 1276 3382 Pactus,
1301 3306 1471 3371 virbonus

142 3408 331 3482 auumque
352 3411 482 3474 noster,
517 3398 593 3461 mihi
613 3399 714 3463 libros
736 3420 812 3474 cos,
844 3419 927 3485 quos
954 3398 1026 3462 Ser.
1052 3396 1206 3463 Claudius
1231 3399 1378 3485 reliquit,
1414 3403 1471 3464 do·

142 3490 247 3557 navit.
292 3490 375 3557 Cum
405 3492 479 3555 mihi
511 3514 570 3574 per
600 3493 705 3577 legem
731 3493 886 3558 Cincium
915 3492 1013 3556 licere
1043 3513 1158 3586 capere
1187 3492 1318 3559 Cincius
1354 3493 1472 3558 amicus

142 3594 222 3651 taus
248 3585 386 3663 diceret,
419 3587 556 3650 libenter
581 3586 646 3649 dixi
673 3608 722 3650 me
748 3598 969 3669 accepturum,
1003 3586 1030 3650 si
1053 3587 1243 3651 attulisset.’'
1286 3591 1326 3651 ad
1346 3590 1417 3653 Au.
1439 3587 1471 3650 1.

145 3680 208 3757 to,
232 3680 263 3745 ⁷.
286 3717 328 3728 -
350 3680 569 3763 „Muneraiis
591 3680 645 3743 iex
662 3691 775 3745 vocata
789 3693 855 3757 est,
880 3703 942 3765 qua
961 3681 1099 3746 Cincius
1114 3682 1216 3756 cavit,
1240 3703 1279 3744 oe
1294 3681 1346 3746 cui
1360 3682 1472 3745 liceret

145 3792 259 3839 mna
282 3775 441 3857 accipere.
486 3776 640 3839 Plautus:
675 3779 795 3860 Neque
824 3778 1086 3839 muneraicm
1110 3778 1220 3860 icgcm
1246 3796 1353 3859 neque
1379 3776 1471 3837 irno-

143 3873 256 3945 nicun,
281 3883 409 3954 rogata
417 3866 544 3960 fucrit
558 3889 676 3946 necne,
689 3870 805 3964 flocci
818 3869 1000 3934 aestimo.”
1037 3869 1150 3933 Festus
1166 3892 1194 3934 s.
1210 3892 1244 3934 v.
1260 3866 1470 3936 Muncroiie.

228 3964 317 4028 Lata
337 3974 385 4027 est
409 3985 427 4026 a
452 3967 509 4029 Μ.
533 3963 652 4029 Cincio
675 3965 848 4029 Alimento
869 3964 1000 4028 tribuno
1023 3963 1126 4046 plebis
1152 3985 1182 4028 a.
1206 3986 1239 4028 u.
1268 3985 1298 4027 c.
1323 3961 1394 4028 5t9.
1426 3961 1469 4024 P.

141 4057 301 4125 Cornelio
320 4056 469 4141 Cethego
485 4059 525 4122 P.
542 4056 735 4140 Sempronio
752 4059 914 4123 Tuditano
929 4058 1127 4122 consulibus.
1160 4060 1268 4122 Notus
1286 4067 1333 4119 cst
1354 4056 1468 4117 doctus

141 4154 198 4218 rr.
231 4152 413 4216 Brammcri
445 4152 536 4234 Lips.
570 4155 609 4215 de
641 4154 701 4213 hac
730 4151 801 4236 legc
827 4152 1122 4226 commentariolus;
1157 4152 1245 4216 coni.
1276 4146 1469 4234 Schultiogii

139 4246 282 4330 iorispr.
305 4246 532 4310 Ante-lustin.
555 4268 590 4328 p.
614 4245 673 4308 561
697 4266 768 4328 seq.
802 4246 888 4310 Enu.
932 4245 1032 4312 Coni.
1061 4245 1204 4329 savigny
1228 4245 1311 4309 Ueb.
1334 4246 1368 4306 d.
1392 4244 1466 4309 Lex

139 4338 251 4407 Cincia
279 4342 319 4403 de
346 4341 438 4403 donis
467 4352 529 4404 cet.
558 4340 590 4403 in
616 4343 648 4402 d.
676 4340 836 4403 Zeitschr.
865 4341 919 4404 iiir
942 4338 1132 4427 gcschiehti
1159 4337 1373 4402 Rechtswiss.
1396 4338 1466 4405 lv.

138 4439 168 4499 1.
186 4440 219 4501 1.
235 4456 273 4519 p.
293 4435 420 4499 1-59.
443 4436 609 4520 Fragmm.
624 4433 780 4499 Vaticana
798 4437 837 4498 de
852 4436 962 4500 donat.
979 4436 1018 4498 ad
1030 4434 1115 4519 Leg.
1132 4431 1224 4498 Ciuc.
1238 4438 1270 4509 §.
1283 4430 1462 4499 266-316.

138 4550 170 4614 p.
193 4529 350 4597 ott-86.
393 4529 537 4595 Rudorff
556 4533 594 4593 de
617 4530 660 4594 L.
684 4526 815 4605 Cincia,
839 4529 951 4593 Berol.
974 4528 1068 4593 1825.
1105 4529 1209 4592 Rern.

138 4728 185 4797 ns
201 4730 400 4799 emme:
417 4730 576 4813 Papiria,
597 4730 753 4801 Valeria,
770 4727 933 4803 Claudia,
951 4728 1086 4793 Licinia
1100 4737 1132 4791 ct
1143 4728 1283 4806 Mucia,
1304 4728 1457 4806 Valeria,

114 4864 118 4871 ·
180 4828 292 4901 iulia.
316 4825 456 4892 rencia
476 4834 509 4886 ct
530 4826 689 4908 Papirio,
713 4818 889 4900 Cornelia,
912 4822 1025 4887 Gellia
1043 4838 1074 4886 ct
1097 4824 1271 4900 Cornelio.
1295 4822 1415 4907 Papia.
