3202 5318
630 372 985 442 moruncurt.
1403 378 1464 446 un
1556 440 1560 463 ,

136 512 181 587 τὸ
200 511 315 605 δόγμα
336 511 383 596 εἰς
404 509 462 584 τὸν
482 514 586 603 δῆμον
607 511 793 603 εἰσενεχθὲν
810 509 918 582 τόντε
939 509 1132 584 Κάσσιον
1149 515 1268 586 ἔπαυσε
1285 519 1345 601 τῆς
1360 520 1467 606 δημα-

135 614 265 699 γωγίας
285 617 343 678 καὶ
360 606 420 692 τὴν
435 605 729 698 &redemerim
748 611 860 676 ἐκτῶν
877 605 1021 694 πενήτων
1035 605 1153 681 στάσιν
1174 607 1233 682 οὐκ
1249 613 1337 683 εἴασε
1350 620 1468 705 'uenus-
1542 681 1546 687 ,

136 710 222 796 tietb
244 709 435 791 προελθεῖν.
476 705 578 774 Dion.
604 704 711 770 Helie.
732 704 836 772 VIII.
861 705 912 769 76.

439 882 562 950 cumi
581 882 775 963 tabellaria.
819 881 898 947 Vid.
923 883 1176 950 Titanorum.

634 1060 756 1128 Cassia
778 1063 820 1127 de
839 1074 974 1128 senatu.

228 1185 365 1263 „Etiam
395 1187 474 1251 baec
498 1185 679 1250 recentiora
707 1197 895 1269 praetereo:
924 1207 1041 1269 ponam
1064 1186 1252 1271 principium
1277 1188 1465 1259 iustissimae

133 1281 297 1352 libertatis
324 1280 468 1347 Cassiani
490 1280 733 1361 (tabellarium),
764 1301 826 1364 qua
848 1280 919 1364 lege
938 1280 1166 1366 suffragiorum
1187 1282 1236 1346 vis
1256 1295 1467 1371 potestasque

135 1375 323 1449 mvaluit3
356 1377 504 1439 alteram
531 1374 704 1450 Cassiam,
737 1395 818 1460 qttae
843 1372 955 1457 populi
975 1372 1088 1437 iudicia
1111 1375 1284 1440 firmavitl'
1327 1376 1464 1446 Cornet.

134 1471 259 1557 leuga.
281 1469 338 1533 tt.
361 1490 394 1551 p.
416 1469 492 1532 bil.
537 1472 660 1534 Altero
681 1468 804 1534 Cassio
825 1468 894 1544 lex,
932 1489 1013 1552 quae
1039 1470 1152 1552 populi
1176 1469 1289 1534 iudicia
1311 1472 1462 1551 firmarit,

135 1584 222 1653 pe
242 1561 304 1641 sit,
327 1573 438 1645 potest
461 1560 586 1648 quaeri.
628 1564 690 1627 Est
712 1573 816 1626 autern
836 1562 936 1626 haec:
960 1566 1002 1627 L.
1020 1563 1161 1628 Cassius
1176 1564 1221 1627 L.
1239 1563 1266 1628 i.
1282 1569 1465 1653 Lougiuue

132 1656 409 1741 tribuniplebis
433 1655 473 1722 C.
491 1654 603 1721 Mario
623 1655 666 1722 C.
693 1656 809 1721 Flavio
832 1677 916 1721 coss.
941 1659 984 1735 (a.
1010 1679 1040 1724 u.
1064 1658 1155 1737 649.)
1183 1659 1293 1739 plures
1314 1660 1404 1746 leges
1425 1664 1465 1727 ad

133 1752 338 1818 timendam
357 1749 532 1815 nobilitatis
551 1749 726 1832 potentiam
746 1749 833 1826 tulit,
857 1749 889 1813 in
913 1750 1030 1836 quibus
1047 1751 1130 1815 hauc
1148 1751 1261 1830 etiarn,
1285 1766 1341 1831 ut,
1364 1778 1466 1842 quem

129 1848 285 1933 populeae
305 1844 504 1908 damnasset
522 1844 619 1907 cuiue
639 1845 823 1927 imperium
840 1845 1061 1929 abrogasset,
1085 1846 1122 1910 in
1139 1858 1263 1911 senatu
1280 1869 1349 1913 non
1364 1863 1466 1917 esset.

135 1942 272 2008 Tales-at
304 1949 500 2004 autemeam
529 1937 664 2003 maxime
686 1950 820 2021 propter
846 1939 1020 2004 simultates
1046 1960 1117 2003 curn
1148 1940 1191 2019 Q.
1215 1941 1374 2021 Servilio,
1410 1945 1465 2030 qni

135 2047 206 2100 ante
231 2035 395 2100 biennium
418 2033 668 2110 consolident,
695 2046 727 2099 et
747 2034 799 2097 cui
819 2034 980 2116 populus,
1003 2033 1077 2117 quia
1098 2033 1180 2097 male
1199 2037 1353 2099 adversus
1375 2035 1465 2103 cim-

136 2133 216 2197 bros
243 2148 315 2193 ren
340 2139 503 2214 gesserat,
533 2127 698 2210 imperium
722 2127 927 2211 abrogavil.”
986 2129 1112 2193 Ascou.
1135 2128 1166 2190 in
1191 2127 1326 2193 Cornel.
1349 2151 1384 2212 p.
1409 2132 1462 2197 78.

215 2222 317 2289 Hane
334 2242 406 2286 esse
424 2222 560 2286 eiusdem
580 2225 621 2285 L.
641 2221 755 2286 Cassii
780 2221 931 2305 Longini
953 2221 1072 2285 tribuni
1094 2221 1212 2304 plebis,
1236 2243 1254 2283 a
1274 2243 1339 2307 quo
1362 2223 1464 2287 tabel-

139 2315 219 2381 laria
241 2315 393 2401 prolecta
416 2328 481 2394 cst,
506 2316 613 2379 dicunt
632 2315 800 2380 Ernestius
821 2327 853 2379 et
867 2314 1056 2393 Scbiitzius,
1081 2335 1163 2399 quos
1187 2336 1205 2378 a
1228 2336 1307 2379 vero
1332 2316 1462 2380 multum

138 2412 293 2476 aberrare
320 2408 474 2473 arbitror.
519 2408 700 2474 Tabellaria
730 2411 810 2471 enirn
843 2409 905 2471 lata
937 2420 985 2470 est
1014 2430 1046 2472 a.
1079 2430 1112 2472 ιι.
1147 2409 1222 2471 616.
1265 2408 1393 2491 Lepido
1431 2419 1464 2473 et

137 2505 295 2569 maeno
315 2524 419 2580 coss„
442 2506 522 2567 haec
544 2504 643 2567 altera
660 2525 741 2567 vero
757 2525 787 2566 a.
805 2525 837 2566 u.
855 2502 929 2565 649.
974 2501 1017 2568 C.
1037 2501 1148 2566 Mario
1164 2500 1206 2566 C.
1228 2502 1344 2566 Flavio
1359 2522 1460 2578 coss..

138 2610 172 2662 rt
191 2619 264 2664 earn
285 2599 396 2683 potius
418 2620 436 2662 a
459 2598 527 2662 filio
549 2598 634 2672 eius,
665 2597 719 2681 qui
741 2597 936 2660 tabellarium
960 2595 1049 2674 tulit,
1081 2597 1174 2661 latam
1200 2607 1321 2678 putem.
1367 2594 1465 2662 Cete-

137 2713 204 2758 rnrn
228 2692 305 2758 vide
326 2691 511 2756 varietatem
534 2691 678 2756 lectionis
700 2694 740 2754 ad
761 2693 884 2757 Ascon.
907 2690 931 2754 l.
955 2713 985 2755 c.

478 2851 598 2917 Crasti
620 2863 652 2916 et
674 2854 850 2916 Taenaria
860 2847 1121 2941 frumentaria.

223 2976 456 3050 ..Frumentum
484 2975 515 3038 in
544 2974 649 3038 Sicilia
677 2996 780 3038 eruere
803 2973 911 3036 debuit
939 2974 1064 3036 Verres
1095 2997 1135 3037 ex
1162 2988 1288 3040 senatus
1313 2977 1461 3041 consulto

140 3084 167 3134 et
193 3093 238 3134 ex
268 3071 341 3153 lege
374 3071 538 3157 Terentia
563 3080 595 3131 et
620 3070 741 3135 Cassia
764 3067 1041 3156 frumentaria.’'
1092 3072 1193 3133 Verr.
1225 3071 1282 3135 lib.
1306 3071 1373 3134 111.
1401 3073 1459 3146 to,

139 3166 211 3230 tot.
235 3199 278 3211 -
311 3160 448 3238 „Utrum
476 3163 529 3225 lex
559 3164 723 3227 Terentia
753 3162 932 3226 Siculorum
963 3164 1096 3244 pecunia
1122 3164 1313 3228 frumentum
1337 3185 1459 3239 eruere,

139 3279 174 3321 au
188 3257 305 3342 populi
318 3256 455 3321 Romani
471 3255 605 3337 pecunia
618 3255 811 3319 frumentum
831 3277 848 3318 a
864 3256 977 3318 Siculis
992 3278 1096 3319 emere
1118 3257 1256 3321 iussit?”
1279 3293 1321 3305 ·-
1351 3312 1368 3340 „
1379 3257 1462 3323 Cum

138 3373 176 3415 ex
199 3362 332 3415 senatus
365 3350 512 3413 consulto
543 3349 681 3432 itemque
703 3371 743 3410 ex
775 3350 845 3431 lege
870 3351 1034 3413 Terentia
1063 3361 1094 3414 et
1122 3352 1243 3416 Caenia
1270 3352 1462 3414 frumentum

139 3444 348 3529 aeqttabiliter
371 3443 431 3505 cmi
456 3445 497 3505 ab
520 3442 665 3506 omnibus
696 3442 822 3506 Siciliae
847 3442 1028 3505 civitatibus
1049 3455 1234 3526 oporteret,
1276 3445 1309 3508 id
1332 3465 1462 3528 quoque

138 3560 251 3603 nunus
273 3540 347 3601 lere
363 3549 457 3622 atque
471 3558 637 3600 commuue
654 3536 853 3600 Mamertinis
867 3537 1049 3601 remisisti.’'
1084 3541 1183 3602 Vere.
1201 3538 1258 3611 tib,
1272 3540 1318 3601 V.
1336 3539 1392 3612 21,
1411 3540 1465 3604 52.
1551 3570 1554 3574 ⁸

221 3634 307 3696 Lata
329 3643 378 3695 est
402 3653 420 3694 a
442 3634 567 3694 duobus
582 3631 765 3695 consulibus
784 3635 821 3697 C.
838 3632 960 3696 Cossio
978 3643 1009 3694 et
1025 3635 1080 3696 M.
1099 3635 1261 3697 Terentio
1281 3654 1313 3694 a.
1333 3654 1366 3694 ιι.
1385 3632 1460 3695 680.

139 3748 296 3794 consensu
314 3738 457 3800 senatus,
476 3726 530 3810 qtri
548 3725 639 3789 aliter
659 3727 775 3809 placari
791 3727 932 3808 plebem,
946 3726 978 3789 in
997 3739 1138 3790 senatum
1153 3727 1244 3790 nimis
1260 3726 1462 3788 vehementer

139 3835 303 3898 werram,
332 3842 396 3884 non
419 3841 515 3902 posse
535 3820 744 3904 intelligebat.
788 3823 837 3884 Ea
862 3820 949 3904 quini
976 3820 1072 3884 modii
1099 3820 1232 3904 singulis
1260 3819 1291 3881 in
1316 3816 1461 3900 singulos

138 3917 300 3984 omousi
321 3916 469 3979 videntur
491 3917 583 3996 (Vid.
608 3916 685 3980 Sall.
709 3916 798 3980 Hist.
819 3938 853 3998 p.
873 3917 947 3979 974.
972 3919 1021 3981 ed.
1045 3915 1200 3995 Curtii.):
1225 3913 1283 3979 nisi
1302 3911 1332 3972 id
1358 3911 1459 3991 ipsum

140 4034 154 4077 e
180 4008 378 4095 &apronia
407 4010 577 4092 repetitum
603 4021 664 4074 est.
717 4009 825 4094 Caput
853 4011 917 4074 eius
943 4009 1071 4074 invenio
1093 4013 1155 4075 hoc
1185 4011 1216 4072 iu
1247 4007 1406 4073 Cicerone
1427 4005 1459 4066 in

139 4108 236 4173 Vere.
257 4105 328 4170 tlt.
352 4103 404 4169 70.
434 4117 469 4168 ut
494 4105 663 4189 quotannis
689 4126 729 4167 ex
760 4104 886 4169 aerario
911 4105 1065 4187 pecuniae
1091 4125 1209 4168 stimma
1232 4106 1459 4165 decerneretur

139 4202 246 4278 SCto,
271 4220 337 4285 qua
354 4198 547 4263 lrurnenturn
566 4200 599 4262 in
621 4197 744 4274 Sicilia,
768 4199 973 4263 frumentaria
994 4199 1106 4282 pupuli
1122 4194 1259 4263 Rotnani
1278 4191 1456 4275 provincia,

139 4307 329 4382 apraetore
352 4306 531 4368 emeretur,
566 4292 746 4377 etquidem
770 4295 880 4356 eudem
900 4293 1045 4357 omnibus
1071 4292 1157 4355 aunis
1187 4289 1309 4374 pretio,
1346 4307 1459 4369 nempe

138 4389 300 4475 quaternis
325 4386 479 4451 sestertiis
506 4385 621 4472 singuli
650 4385 746 4449 tritici
775 4387 889 4461 modii,
924 4389 1048 4451 duobus
1082 4397 1186 4449 autern
1211 4382 1340 4446 hordei.
1377 4382 1457 4447 Vitl.

137 4488 334 4572 Argumeut.
357 4484 400 4546 L.
422 4482 488 4547 Ill.
510 4481 540 4543 iu
564 4482 664 4545 Verr.
689 4479 860 4558 Ceterum,
893 4492 998 4544 utrum
1020 4483 1059 4543 ad
1082 4479 1222 4542 Siciliam
1245 4480 1345 4542 solam
1373 4477 1458 4543 istud
1587 4550 1590 4555 ,

137 4592 229 4665 ceput
250 4577 461 4662 pertinuerit,
485 4597 523 4641 an
543 4598 623 4642 vero
643 4575 716 4638 alias
736 4575 826 4638 etiarn
850 4575 1029 4657 provincias
1050 4574 1251 4654 complexum
1271 4574 1328 4648 sit,
1353 4573 1391 4636 de
1414 4594 1455 4638 eo

137 4695 197 4741 noo
218 4671 375 4741 convenit
397 4671 479 4734 inter
501 4671 657 4736 eruditos.
702 4671 786 4734 Illud
809 4670 902 4733 uobis
924 4668 1049 4733 videtur
1070 4690 1087 4732 e
1108 4667 1275 4734 Ciceronis
1294 4670 1368 4734 loco
1387 4669 1456 4732 lau·

138 4771 210 4836 &to
232 4765 346 4853 colligi
369 4785 485 4850 posse3
514 4768 577 4830 hoo
601 4763 761 4829 contendit
783 4762 984 4828 contarenus
1007 4765 1030 4827 l.
1055 4787 1084 4830 c.
1129 4766 1237 4848 Atque
1259 4767 1323 4829 boc
1349 4776 1455 4846 caput,

138 4884 204 4930 su
225 4859 391 4929 nonnullis
412 4859 480 4924 aliia
499 4859 654 4938 fortasse,
678 4861 717 4922 de
739 4860 835 4923 ruodo
858 4860 1076 4942 comportandi
1097 4859 1363 4944 distribuendique
1384 4859 1454 4924 iru-
