3202 5318
135 332 200 402 1110
306 328 311 339 '
619 326 771 401 INDEX
790 328 972 399 LEGUM.
1435 406 1440 415 Ι

135 478 227 543 dieas
248 498 322 543 esse
337 476 380 541 de
395 474 577 541 mulierum
598 474 723 559 legetis
743 484 777 538 et
798 472 1061 547 hereditatibus,
1084 470 1158 537 alia
1171 471 1295 539 solitus
1310 472 1358 539 sit
1374 470 1458 540 ndo·

134 575 262 637 lesem
289 572 416 647 dicere,
447 570 606 659 noudum¹
627 569 770 633 voconia
797 570 871 651 lege
899 570 986 630 lata:
1018 587 1106 651 quae
1133 566 1271 653 quidem
1294 568 1376 653 ipso
1399 572 1458 633 iere

134 665 296 731 utilitatis
312 666 466 729 virorum
481 663 600 748 gretia
613 674 741 748 rogata
761 663 797 726 in
816 660 977 725 mulieres
989 664 1094 744 plena
1110 672 1161 724 est
1179 661 1343 725 iniurias.
1387 662 1458 727 cer

134 759 225 824 enim
244 759 428 843 pecuniam
449 778 517 822 uon
540 758 663 821 habeas
688 756 836 821 mulier?
867 777 930 817 cur·
954 754 1084 839 virgini
1109 755 1241 820 Vestali
1269 756 1316 819 sit
1336 758 1456 832 lieres,

134 874 205 918 non
225 852 278 918 sie
292 851 398 915 matri
418 851 526 916 sune?
555 854 626 916 Cur
646 862 764 914 aretem
783 851 815 913 si
832 848 998 932 pecuniae
1021 848 1144 912 modus
1161 848 1367 914 statuendus
1372 846 1458 939 suit

122 945 296 1038 feminis,
321 948 361 1011 P.
383 945 504 1013 Cross'i
517 944 605 1022 filio
623 956 742 1027 posset
763 944 909 1020 habere,
935 944 966 1006 si
990 942 1093 1006 unica
1109 942 1207 1027 patri
1226 954 1334 1020 esset,
1363 944 1457 1009 ceris

134 1041 276 1119 millies,
299 1043 397 1103 solea
416 1042 491 1124 lege
498 1061 510 1112 ,·
531 1059 609 1101 mea
631 1037 749 1102 tricies
771 1058 841 1101 non
858 1047 977 1121 posset
1000 1035 1029 1072 ⁰·
1041 1038 1059 1073 ⁰
1080 1036 1116 1101 ⁰.
1161 1037 1239 1101 Tria
1258 1050 1350 1116 scint,
1375 1059 1455 1123 qnae

133 1134 247 1199 Philus
268 1133 334 1219 legi
356 1132 503 1216 opponit.
548 1133 690 1197 Primum
713 1132 816 1217 legem
838 1141 939 1195 totam
960 1131 1168 1195 necessariam
1190 1153 1259 1194 esse
1282 1143 1398 1219 negat,
1419 1154 1456 1196 se

134 1226 217 1293 enim
238 1248 303 1290 non
328 1225 527 1312 intelligere,
558 1245 615 1288 cur
640 1224 805 1307 pecuniam
832 1224 944 1288 mulier
969 1246 1033 1287 ιιοιι
1054 1225 1184 1289 habeat.
1229 1224 1355 1291 Deinde
1378 1247 1457 1293 con·

135 1320 296 1409 queritur,
326 1318 468 1405 iniquum
492 1341 581 1394 esse,
614 1317 728 1402 virgini
752 1319 879 1382 Vestati
901 1320 1049 1381 heredem
1072 1340 1141 1383 esse
1160 1339 1257 1401 posse
1277 1319 1454 1396 mulierem,

135 1415 227 1479 matri
248 1435 312 1479 non
334 1435 429 1497 posse
450 1413 546 1477 liliam
567 1434 636 1475 curn
660 1434 695 1476 ea
719 1412 852 1477 vinculis
876 1423 1006 1476 naturae
1022 1412 1226 1477 sanctissimis
1243 1412 1457 1477 coniunctam.

133 1507 293 1589 Nimirum
325 1508 492 1572 intestatae
517 1507 581 1569 filia
612 1505 703 1569 matri
728 1528 768 1570 ex
797 1506 902 1572 edicto
928 1506 1134 1590 praetoriano
1162 1508 1255 1572 heres
1282 1528 1347 1571 non
1374 1519 1458 1583 erat,

136 1626 207 1668 essm
233 1604 264 1666 in
294 1613 452 1685 potestate
482 1601 548 1664 eius
575 1622 638 1663 ιιοιι
668 1612 769 1677 esset,
808 1612 995 1664 testamento
1026 1622 1066 1663 ne
1097 1601 1189 1664 lieret
1217 1602 1291 1685 lege
1320 1600 1460 1665 voconia

134 1709 260 1761 cautum
289 1708 369 1759 crat.
414 1696 477 1758 Sed
507 1696 683 1780 virginibus
713 1695 898 1759 Vestalibus
926 1696 979 1759 lex
1009 1695 1146 1760 voconia
1176 1696 1366 1778 permiserat
1392 1716 1461 1757 nus·

134 1790 243 1855 lierenr
264 1790 409 1854 heredem
431 1790 552 1866 iacere,
576 1791 663 1873 quod
683 1788 824 1874 iniquum
846 1789 1026 1864 videbatur,
1049 1787 1168 1875 virgini
1184 1789 1320 1864 Vestali,
1337 1789 1389 1853 cui
1410 1788 1459 1853 in·

134 1894 266 1950 testatae
289 1903 382 1948 nemo
401 1885 496 1946 heres
518 1894 587 1945 erat
608 1883 746 1962 (Gellius
766 1884 795 1947 1.
813 1884 864 1946 19.
881 1886 994 1963 extu),
1018 1884 1149 1946 fratrem
1169 1883 1196 1946 si
1211 1896 1296 1946 esset
1309 1884 1459 1947 heredem

134 1978 206 2043 lieri
225 1998 341 2060 posse,
365 1998 513 2041 sororem
535 1977 562 2040 si
579 1978 680 2041 frater
701 1998 764 2039 non
784 1989 869 2039 esset
882 1998 946 2046 non
967 1998 1072 2060 posse.
1116 1979 1162 2040 V.
1182 1977 1314 2041 Hessius
1329 1999 1366 2057 p.
1383 1976 1457 2040 913.

135 2071 302 2156 Scitilling.
326 2072 572 2154 Bemerkungen
602 2073 681 2133 iiber
709 2076 791 2134 ιὸιιι.
815 2072 971 2155 Rechts'g.
994 2094 1029 2153 p.
1054 2073 1127 2134 910.
1172 2070 1320 2156 Denique
1348 2070 1458 2135 Philus

134 2164 210 2230 dicit
233 2167 337 2251 legem
365 2166 511 2229 iniustam
539 2187 609 2228 csse
636 2185 737 2251 neque
764 2169 852 2249 qiiod
880 2166 1049 2229 Voconius
1079 2165 1219 2229 voluerit
1244 2165 1388 2241 efficere,
1422 2174 1460 2229 ut

134 2260 289 2345 pecuniae
319 2262 430 2324 modus
459 2260 671 2324 constituatur
697 2259 842 2323 leminis:
882 2260 954 2343 lege
982 2259 1062 2322 enim
1089 2281 1152 2323 noo
1181 2271 1305 2322 cautum
1329 2280 1458 2323 essene

136 2354 206 2439 quis
230 2352 352 2417 mulieri
376 2353 445 2435 plus
467 2376 562 2438 quam
582 2366 700 2418 certam
722 2355 875 2437 qriandam
895 2353 1044 2435 pecuniae
1065 2375 1215 2416 summam
1235 2354 1378 2439 legaret,
1400 2354 1460 2419 sed

134 2471 175 2513 ne
199 2449 270 2532 plus
298 2470 392 2534 quam
420 2447 575 2511 dimidiam
601 2459 721 2530 partem
744 2447 941 2525 hereditatis3
972 2468 1037 2528 quo
1064 2447 1145 2510 effici
1167 2460 1201 2510 ut
1223 2448 1377 2525 Crassus,
1402 2444 1459 2532 qui

136 2543 208 2628 plus
232 2542 282 2606 bis
305 2542 416 2604 millies
440 2541 523 2605 aeris
547 2543 678 2618 habeat,
702 2540 784 2604 filiae
807 2540 832 2604 si
859 2540 948 2603 unies
973 2542 1012 2603 sit
1037 2540 1146 2604 millies
1170 2542 1250 2605 aeris
1273 2541 1360 2605 salva
1387 2541 1458 2627 lege

134 2638 243 2723 legare
258 2637 378 2720 possit,
402 2635 491 2717 ipse,
509 2636 727 2718 quincuplus
747 2636 851 2699 tricies
867 2637 1000 2710 habeat,
1025 2646 1113 2698 tanto
1134 2636 1285 2699 minorem
1304 2658 1456 2700 sirrnmam

136 2752 202 2799 non
222 2731 343 2817 possit,
375 2728 419 2792 ita
442 2740 476 2794 ut
499 2728 610 2794 Crassi
632 2730 715 2793 filiae
736 2729 826 2792 diviti
848 2750 916 2792 esse
937 2729 1047 2805 liceat,
1073 2750 1147 2792 suae
1170 2751 1233 2793 non
1256 2731 1361 2793 liceat.
1406 2730 1455 2794 lta

136 2827 217 2891 enim
239 2826 323 2888 hunc
347 2824 453 2887 locum
479 2834 559 2905 puto
585 2824 820 2907 intelligendum
848 2845 927 2888 esse.
972 2824 1035 2887 Alii
1059 2834 1249 2907 putaverant
1273 2844 1331 2905 per
1354 2823 1454 2910 legem

134 2916 303 2985 voconius
330 2916 455 2980 licuisse
477 2917 569 2979 liliam
595 2918 621 2979 si
647 2919 736 2979 unica
761 2928 843 2979 essct
866 2918 1011 2980 heredem
1035 2919 1198 2981 instituere
1222 2938 1342 3002 eosque
1365 2940 1456 2983 seen·

136 3024 188 3077 tus
211 3012 253 3079 Α.
280 3008 389 3074 Maius
412 3013 453 3072 ad
480 3012 565 3071 hisne
589 3010 694 3073 locum
717 3009 844 3073 codices
877 3011 1061 3095 Augustini,
1094 3011 1147 3092 qui
1176 3014 1214 3073 de
1243 3010 1370 3074 civitate
1393 3012 1456 3077 Dei

135 3104 204 3169 111.
227 3104 281 3167 91.
305 3106 384 3165 haec
407 3103 553 3184 scripsit:
578 3124 619 3165 ne
638 3105 715 3188 quis
728 3103 851 3181 filiam
866 3106 1023 3168 heredem
1032 3103 1195 3194 faceret,
1219 3124 1279 3167 nee
1301 3107 1456 3169 unicam:

136 3199 237 3263 labem
256 3195 455 3261 contraxisse
476 3208 507 3259 et
525 3196 573 3260 sic
591 3199 802 3259 emendandos
825 3219 893 3259 esse
911 3210 1001 3280 putst
1016 3199 1084 3261 nisi
1103 3198 1249 3262 unicam.
1293 3200 1357 3262 Sed
1377 3202 1456 3263 hanc

136 3291 314 3376 opinionem
338 3288 451 3352 falsam
473 3311 542 3353 esse
566 3291 724 3353 docebunt
746 3290 828 3364 loci,
860 3313 940 3372 quos
964 3291 1044 3354 inira
1073 3291 1292 3363 tractabimus,
1323 3292 1454 3355 Verria.

136 3386 166 3451 1.
191 3389 250 3460 ll,
275 3385 348 3447 101.
373 3384 411 3445 de
433 3383 506 3446 Fin.
529 3384 576 3447 11.
599 3389 656 3459 17,
683 3387 735 3447 51.
782 3384 846 3448 Alii
861 3382 1010 3447 dixerunt
1026 3387 1228 3470 cogitandum
1244 3405 1329 3459 esse,
1347 3384 1456 3450 Crassi

135 3478 230 3542 liliam
253 3475 404 3542 intestato
425 3490 544 3541 tantum
568 3480 718 3559 pecuniae
737 3479 914 3542 habituram
933 3479 1052 3554 luisse,
1077 3480 1104 3542 si
1130 3481 1219 3541 unica
1246 3492 1331 3542 esset
1355 3501 1455 3563 neque

136 3573 213 3637 alius
237 3573 328 3634 heres
344 3571 502 3655 legitimus
523 3572 704 3656 quisquam,
730 3573 824 3655 idque
839 3574 991 3657 conqueri
1013 3574 1140 3638 Philum
1162 3572 1231 3635 lieri
1248 3594 1362 3653 posse,
1386 3594 1453 3635 curn

136 3688 191 3731 sua
213 3664 313 3748 ipsius
333 3665 396 3728 lilia
420 3686 522 3748 neque
543 3666 692 3729 intestato
712 3669 811 3730 multo
831 3669 983 3730 minorent
1002 3688 1151 3731 summam
1173 3666 1316 3748 accipere
1333 3677 1452 3749 posset,

136 3760 255 3845 quippe
276 3780 357 3845 quae
383 3780 446 3823 ιιοιι
471 3759 561 3822 unica
587 3772 689 3833 esset,
724 3783 825 3843 neque
852 3784 891 3824 ex
912 3774 1116 3834 testamento,
1151 3763 1194 3824 ob
1219 3760 1323 3843 legem
1355 3780 1454 3825 voco·

135 3854 228 3922 niem.
270 3855 333 3917 Sed
349 3853 481 3937 quisque
500 3854 600 3927 videt,
626 3866 658 3916 et
673 3854 762 3916 nimis
779 3855 982 3917 artificiosam
1000 3875 1068 3916 esse
1083 3855 1164 3917 hane
1181 3855 1336 3918 rationem
1352 3874 1455 3938 neque

135 3946 225 4015 Furii
239 3947 352 4022 liliam,
377 3969 458 4031 qsrae
477 3947 565 4010 unica
583 3968 646 4011 non
662 3959 763 4024 esset,
789 3960 875 4011 recte
891 3949 1012 4030 opponi
1029 3948 1157 4024 Crassi,
1183 3970 1275 4033 quam
1291 3970 1356 4013 non
1373 3949 1454 4011 dicat

134 4040 257 4107 unicam
279 4061 316 4104 re
337 4062 413 4104 vera
425 4040 570 4132 fnisse,
595 4045 650 4104 sed
671 4042 796 4106 nonnisi
814 4043 935 4105 unicam
959 4063 1029 4106 esse
1042 4055 1150 4126 ponat
1170 4042 1299 4107 Furius.
1342 4044 1457 4106 Restat

135 4146 170 4198 ut
199 4156 340 4199 moneam
364 4135 471 4199 verbis
500 4140 596 4200 solva
617 4140 691 4220 lege
713 4158 779 4199 eam
810 4158 901 4219 quam
931 4137 998 4218 ipse
1027 4137 1185 4219 proposui
1212 4136 1454 4219 explicationem

33 4278 41 4305 .
133 4250 199 4291 non
219 4250 331 4311 parurn
353 4230 554 4306 confirmari,
590 4253 658 4292 cuni
683 4231 735 4293 lex
759 4234 795 4292 ad
819 4233 951 4295 heredes
973 4232 1132 4315 legitimos
1156 4252 1219 4294 non
1247 4228 1453 4312 pertinuerit,

136 4320 189 4382 hic
214 4344 291 4387 sero
322 4324 482 4388 mulierem
512 4324 757 4388 commemorari
783 4336 951 4407 oporteat,
988 4345 1068 4409 qnae
1100 4344 1170 4386 cum
1195 4324 1268 4410 lege
1295 4336 1457 4389 teneretur

136 4416 348 4481 salvatamen
373 4419 444 4502 lege
467 4418 555 4482 dives
578 4418 647 4481 lieri
669 4419 823 4500 potnerit.
1146 4440 1149 4445 ·

220 4509 336 4574 Multis
363 4511 462 4597 igitur
486 4513 566 4575 haec
596 4514 647 4576 lex
670 4512 839 4595 displicuit.
885 4515 992 4593 Quare
1014 4513 1040 4575 si
1068 4512 1119 4574 cui
1142 4511 1206 4575 lilia
1232 4524 1333 4589 essct,
1357 4534 1453 4597 qnae,

136 4600 208 4683 quia
228 4623 283 4665 sua
307 4625 375 4668 esse
400 4606 551 4682 desisset,
582 4606 611 4671 ei
634 4608 783 4671 intestato
807 4608 899 4670 hercs
925 4628 987 4671 non
1014 4617 1112 4679 esset,
1137 4607 1291 4670 rationem
1321 4606 1456 4669 cirmum-

135 4691 242 4775 spcxit
271 4718 333 4779 qus
359 4697 461 4783 legem
488 4702 571 4763 illam
597 4702 732 4765 luderet.
777 4701 826 4764 Ita
856 4701 899 4780 Q.
930 4700 1047 4765 Fadius
1077 4701 1189 4764 Gallus
1213 4699 1456 4763 fideicommissis

134 4786 340 4853 hereditatem
359 4790 444 4856 filiae
457 4794 603 4879 reliqnit:
627 4796 669 4860 P.
683 4794 763 4857 enim
781 4793 944 4857 Sextilium
964 4792 1083 4859 Risium
1103 4804 1291 4859 testamento
1307 4794 1456 4857 heredem
