3202 5318
133 326 194 399 812
685 325 944 399 Ananne'rn

134 474 206 539 iuri
234 475 347 562 magis
374 474 521 540 studiosi
550 496 653 559 quam
674 475 884 558 eloquentiae
906 493 1108 537 causarum:
1141 480 1175 533 nt
1197 466 1270 532 addi
1290 466 1400 553 possit
1418 466 1457 533 iis

133 569 247 655 quibus
270 592 383 634 nomen
405 568 581 634 studiosus
604 591 672 631 cum
695 564 790 631 tertio
814 590 887 629 casu
908 568 1063 652 iungitur.
1099 568 1186 630 Rau.

154 654 157 659 ¹
217 666 260 729 Ρ.
285 664 404 726 total.
427 665 460 726 2.
482 664 631 740 actione,
654 663 804 745 priuato]
827 664 880 724 Sic
904 662 996 724 etiam
1019 663 1126 745 Lugd.

215 760 257 823 P.
284 760 356 820 107.
380 758 404 819 l.
428 758 481 820 27.-
504 758 605 840 Quod
614 755 732 847 facile
754 759 818 837 est]
848 759 923 820 Non
948 760 1160 838 spernendum
1186 754 1334 828 videtur,
1371 755 1461 834 quod

134 851 163 915 in
191 854 242 915 ed.
269 874 321 934 pr.
345 862 376 914 et
398 855 471 915 cod.
495 853 604 935 Lugd.
627 850 764 933 legitur,
797 852 888 934 quod
902 850 1013 927 fidele
1035 861 1102 926 est,
1138 846 1160 911 i.
1183 869 1215 911 e.
1247 849 1339 930 quod
1365 846 1459 909 iidem

134 966 198 1009 non
223 944 337 1019 laedit,
362 947 448 1028 quod
470 946 557 1008 salva
580 957 632 1006 tua
655 944 717 1006 fide
739 945 808 1006 fieri
830 956 950 1026 potest.
985 945 1074 1007 Rau.
1209 964 1214 977 ¹

216 1039 258 1102 P.
284 1040 357 1102 116.
382 1040 404 1102 Ι.
429 1039 481 1102 13.
507 1041 608 1103 Recte
637 1039 752 1100 editum
777 1029 825 1101 e'st
843 1041 990 1120 potisset
1011 1059 1074 1120 pro
1094 1036 1257 1120 petisset,
1291 1037 1383 1118 quod
1412 1046 1461 1099 est

132 1131 165 1195 in
188 1135 239 1196 ed.
262 1154 334 1215 pm,
367 1135 447 1195 unde
469 1133 559 1217 volg.
578 1133 760 1215 potuisset.
806 1131 1033 1196 Coniectursm
1057 1155 1118 1215 qus
1145 1130 1177 1193 id
1201 1142 1367 1193 assecutus
1391 1139 1459 1193 eret

133 1226 201 1294 Ios.
224 1228 395 1289 Mercerus
415 1227 597 1308 planissime
619 1226 786 1288 confirmat
809 1228 883 1290 cod.
907 1229 1020 1310 Lugd.
1054 1228 1140 1290 Rari.

217 1322 260 1384 Ρ.
284 1321 358 1385 119.
382 1319 405 1383 l.
431 1321 483 1383 19.
506 1324 566 1385 Ex
586 1320 646 1384 illo
668 1342 775 1403 grege
799 1322 1029 1400 moratorum]
1066 1320 1116 1383 Its
1147 1318 1268 1394 editur,
1301 1317 1400 1381 etiam
1428 1317 1459 1381 in

136 1412 313 1490 Cicerone,
344 1436 385 1477 ex
407 1414 589 1478 coniectura
616 1412 755 1488 Cuiacii,
786 1437 879 1496 quam
902 1403 1039 1494 primus,
1073 1427 1107 1475 ut
1131 1414 1267 1495 opinor,
1299 1413 1459 1476 librorum

135 1508 237 1571 MSS.
260 1508 354 1591 plane
376 1508 578 1572 confirmavit
601 1511 704 1572 codex
731 1510 864 1592 Lugd.:
898 1509 993 1570 habet
1017 1508 1117 1585 enim,
1151 1531 1197 1570 ex
1226 1508 1286 1569 illo
1314 1526 1460 1589 gregem

46 1637 48 1641 ·
134 1613 328 1665 oratorum.
373 1605 461 1668 Bra.

221 1698 263 1760 P.
289 1696 361 1760 122.
385 1698 408 1760 1.
432 1697 484 1761 18.
508 1696 623 1762 Circes
644 1698 740 1761 habet
767 1697 857 1761 etiam
891 1700 964 1761 cod.
992 1700 1103 1782 Lugd.
1130 1712 1162 1762 et
1187 1696 1259 1761 cod.
1291 1693 1459 1761 Ciceronis

135 1789 315 1853 Leidensis.

219 1886 262 1948 P.
287 1884 360 1955 123.
382 1885 406 1948 l.
430 1885 462 1949 8.
485 1888 715 1970 Quamobrem
741 1909 837 1962 eum,
872 1886 927 1948 cui
951 1897 1112 1970 quaestor
1126 1883 1273 1976 fueris,
1304 1884 1459 1965 accuses]

134 1978 360 2063 quamobrem'
383 2001 461 2042 curn
488 1994 650 2065 quaestor
663 1980 791 2072 fueris
816 2002 955 2043 accerses
977 1982 1085 2064 Lugd.
1131 1980 1280 2042 Varietas
1310 1991 1383 2042 orta
1414 1989 1460 2041 cst

137 2093 178 2135 ex
199 2095 255 2148 eo,
281 2074 367 2157 qnod
388 2075 485 2155 paulo
508 2074 721 2159 negligentius
741 2073 867 2155 scripsit
888 2072 1027 2146 Cicero,
1050 2074 1271 2158 quamobrem
1286 2072 1344 2135 cui
1357 2093 1459 2158 quae·

134 2177 210 2229 stor
219 2165 346 2257 fueris
368 2188 524 2231 accuses:
546 2169 590 2231 cs.
614 2169 760 2252 Madvig.
783 2191 834 2250 ep.
857 2168 928 2229 crit.
951 2190 983 2247 p.
1007 2169 1066 2229 106
1089 2189 1157 2251 seq.
1190 2168 1277 2230 Rau.

220 2263 262 2325 Ρ.
286 2263 360 2323 121.
384 2262 407 2324 l.
434 2266 464 2323 1.
487 2263 661 2344 Sergium]
699 2266 784 2346 Leg.
821 2262 990 2334 Seruium.
1042 2261 1120 2324 Vid.
1156 2261 1329 2325 Onomast.
1363 2281 1392 2322 s.
1426 2279 1458 2322 v.

139 2353 276 2417 Seuerus
299 2358 472 2418 Sunrrcrus
497 2358 615 2419 Grues
637 2381 672 2438 p.
697 2358 771 2420 561.

221 2450 263 2513 Ρ.
289 2450 361 2513 121.
385 2450 408 2513 l.
434 2454 465 2513 7.
487 2463 567 2533 post
588 2453 774 2514 secundnm
796 2449 1026 2527 consulatum]
1056 2449 1156 2533 Atqui
1182 2450 1245 2510 hoc
1265 2447 1367 2530 ipsum
1392 2461 1454 2523 est,

137 2545 226 2627 quod
249 2541 366 2607 Cicero
390 2544 481 2607 dicit:
519 2567 596 2607 cum
617 2549 656 2609 P.
680 2545 876 2636 Africanus
902 2575 942 2587 —
961 2555 1187 2627 posteaquam
1213 2542 1264 2605 bis
1285 2545 1458 2606 consulet

137 2658 258 2700 censor
273 2637 424 2729 fuerat,
458 2642 499 2703 L.
528 2643 663 2704 Cottam
688 2640 722 2700 in
752 2639 917 2701 iudicium
939 2639 1095 2701 vocabat:
1126 2658 1200 2699 vere
1229 2637 1328 2719 igitur
1356 2641 1458 2700 codex

138 2728 247 2817 Lngd'.
278 2754 346 2794 cum
375 2736 426 2796 ed.
449 2756 500 2815 pr.
525 2734 649 2795 videtur
671 2735 806 2807 habere,
841 2745 920 2795 ante
946 2733 1132 2795 secumdum
1159 2733 1394 2801 consulatum
1425 2742 1458 2793 ut

137 2822 336 2908 μνημονικὸν
357 2821 537 2913 ἁμάρτημα
556 2830 587 2889 in
609 2827 766 2890 Cicerone
787 2826 1027 2908 reprehenderit
1049 2824 1253 2898 scholiastes,
1280 2824 1331 2884 rel
1354 2823 1457 2905 potiru

138 2936 233 2980 verus
257 2919 435 2995 Asconius,
461 2943 500 2983 cx
524 2943 588 3004 quo
614 2923 692 2982 haec
717 2934 866 3002 excerpta
891 2932 974 2982 sunt.
1020 2922 1130 3005 Neque
1154 2918 1267 2980 iniusta
1290 2916 1390 2979 inisse
1412 2917 1457 2978 vi-

139 3009 230 3072 detur
246 3015 470 3092 reprehensi03
495 3038 555 3097 qua
577 3020 614 3078 de
637 3037 672 3077 re
694 3014 763 3077 vide
782 3017 988 3095 disputantem
1006 3013 1183 3076 Ferratium
1207 3012 1300 3073 adh.
1323 3011 1346 3074 l.
1371 3011 1456 3073 Rau.

223 3106 263 3168 P.
288 3107 361 3168 186.
386 3107 407 3168 l.
431 3108 463 3169 8.
488 3121 605 3171 noster·
627 3109 778 3189 nostrae]
802 3122 920 3170 noster·
943 3119 1073 3170 uestrae
1097 3108 1198 3168 Goth.

224 3198 265 3260 P.
291 3199 362 3263 106.
387 3201 409 3262 l.
434 3202 465 3263 9.
490 3203 650 3264 Diuidere
672 3202 810 3284 argenti
831 3222 988 3265 nummos
1019 3201 1115 3280 dicit]
1143 3200 1309 3262 diuideret
1336 3219 1458 3282 argen-

138 3289 266 3352 tinum:
295 3314 379 3355 mox
401 3294 493 3355 dixit
516 3297 618 3360 Goth.

227 3385 267 3447 P.
294 3387 413 3449 110.1.
439 3389 490 3449 15.
516 3390 662 3470 Naeuio]
694 3411 793 3452 nemo
816 3392 917 3453 Goth.
951 3401 991 3434 —'
1024 3410 1122 3451 nemo
1145 3401 1246 3452 autem
1271 3410 1289 3449 a
1311 3388 1410 3451 nenio
1428 3385 1456 3448 in

141 3480 274 3539 membr.
298 3479 456 3542 minimum
479 3482 597 3545 differt.
644 3483 776 3546 Iucoss.

226 3573 267 3635 P.
293 3573 365 3636 111.
389 3573 413 3636 l.
438 3577 488 3636 17.
512 3575 669 3639 additum
690 3580 768 3657 (nou
791 3580 983 3660 addictum)
1005 3581 1100 3640 habet
1122 3576 1213 3639 etiam
1236 3578 1349 3661 Lugd.

226 3667 266 3729 P.
292 3669 364 3729 175.
388 3666 412 3728 1.
437 3669 455 3728 1
479 3690 544 3751 seq.
569 3669 738 3734 Consentit
761 3674 835 3735 cod.
859 3675 969 3755 Lugd.
992 3694 1062 3735 cum
1085 3674 1135 3734 cd.
1157 3672 1260 3752 princ.

227 3762 268 3825 P.
294 3761 413 3823 1811.
439 3763 490 3824 12.
513 3785 536 3823 a
563 3766 707 3846 Dianio]
737 3765 920 3847 Adscripsit
944 3765 1077 3850 margini
1103 3769 1175 3828 cod.
1202 3767 1310 3848 Lugd.
1337 3765 1459 3848 antique

143 3874 268 3917 manus:
302 3854 486 3931 Dianium,
517 3859 700 3939 oppidum,
729 3861 827 3923 cuius
857 3861 1037 3942 vestigium
1064 3860 1164 3922 leodic
1186 3860 1314 3921 dieitur
1337 3860 1459 3924 Denia.

228 3949 269 4011 P.
294 3949 367 4011 195.
391 3949 414 4011 Ι.
440 3950 491 4012 13.
514 3955 628 4034 Eques
656 3958 832 4018 Romanus
853 3955 1057 4037 publicanus
1085 3952 1158 4033 cet]
1194 3951 1364 4017 Consentit
1393 3956 1461 4017 cod.

145 4042 253 4123 Lugd.
279 4063 347 4104 cum
369 4044 456 4108 editt.
482 4045 629 4129 antiquis.
654 4081 693 4093 —-
715 4048 903 4130 Legendum
925 4060 999 4129 post
1019 4048 1243 4129 publicanus:
1265 4062 1327 4111 aut
1347 4049 1462 4131 potius

141 4155 271 4217 pqr-cus
292 4147 324 4197 et
347 4148 514 4214 attentus,
538 4162 606 4223 quo
630 4143 742 4223 magis
765 4155 846 4204 cet.:
872 4155 905 4204 ut
927 4144 990 4204 hoc
1015 4153 1156 4215 moneat,
1181 4157 1371 4224 corruptum
1397 4162 1462 4207 csse

144 4227 222 4288 illud
245 4231 376 4292 verbum
395 4232 617 4314 publicanus,
643 4236 813 4319 meliusque
835 4236 917 4321 legi,
939 4256 1067 4318 parcus
1088 4247 1120 4296 et
1142 4245 1315 4300 attentus:
1350 4238 1460 4320 idque,

147 4331 181 4381 ut
210 4319 353 4402 equidem
377 4339 473 4408 puto,
503 4349 578 4390 vere
604 4342 768 4393 monetur:
808 4331 914 4395 omnia
937 4330 1017 4391 enim
1045 4331 1141 4390 verba
1164 4331 1248 4410 apud
1274 4328 1461 4394 Ciceronem

146 4412 181 4473 h.
205 4413 227 4475 l.
249 4421 424 4497 composite
448 4433 521 4484 sunt
544 4427 583 4486 ad
605 4427 778 4508 augendam
798 4424 845 4486 rei
866 4421 1102 4508 indignitatem:
1126 4423 1345 4503 publicanum
1364 4435 1462 4485 autem

149 4506 190 4608 11
215 4513 408 4577 meretricem
438 4518 579 4596 venisse,
611 4520 640 4581 ia
672 4541 711 4582 eo
737 4519 814 4581 nihil
841 4532 909 4582 erat
935 4521 1014 4582 adca
1036 4516 1218 4599 indiguum:
1256 4516 1365 4602 itaque
1387 4528 1462 4599 puta

149 4594 340 4665 Ciceronem
367 4609 549 4691 scripsisse:
582 4614 683 4680 Venit
704 4614 751 4674 ad
773 4613 989 4678 Chelidonem
1010 4614 1050 4676 0.
1075 4611 1251 4686 Mustius,
1275 4631 1378 4695 eques
1396 4613 1463 4676 Ro·

149 4711 272 4757 mmm
288 4717 417 4779 eureus
438 4717 472 4767 et
492 4718 663 4787 attentus,
685 4710 787 4772 homo
808 4730 885 4770 cum
902 4705 1029 4795 primis
1049 4706 1213 4771 honestus
1235 4714 1300 4769 cet.
1335 4706 1422 4769 Rau.
