3202 5318
525 320 589 395 Aa
612 319 1083 411 PSEUDO·ASCONIUM.
1396 323 1457 398 337

141 466 235 535 alicui
258 467 426 536 Ciceronis
450 470 568 546 codici,
602 471 729 535 diverso
753 483 914 553 tempore,
947 458 982 534 ¹ct
1003 495 1020 535 a
1044 471 1175 535 diversis
1198 472 1394 551 hominibus,
1425 475 1458 538 in

139 566 281 651 margine
303 565 461 646 adscripta
485 565 602 627 luisse:
633 566 775 648 quautvis
797 567 827 627 iu
853 587 892 628 eo
914 566 1106 629 assentimur
1129 567 1315 650 Madvigio,
1344 592 1377 652 p.
1397 571 1453 644 90,

136 660 299 742 potiorem
321 672 445 741 partem
465 681 558 721 tratum
581 661 697 721 habere
713 672 893 732 auctorem,
919 680 935 721 a
953 681 1016 743 quio
1032 660 1123 722 etiam
1142 673 1323 744 argumenta
1338 663 1456 745 scripta

135 755 210 816 sint.
255 753 405 817 Eiusdem
428 753 519 833 plane
544 752 670 836 generis
691 753 830 824 scholia,
860 754 977 833 duplici
997 776 1088 815 manu
1112 766 1248 835 scripta,
1280 754 1389 818 Maius
1409 756 1458 818 in-

133 847 224 910 venit
249 848 281 910 in
305 846 449 930 margine
472 846 590 908 codicis
616 846 840 917 Ambrosiani,
875 868 916 908 ex
946 867 1011 930 qtto
1038 848 1188 931 reliquias
1216 847 1369 911 orationis
1396 868 1458 929 pra

134 941 259 1005 Scauro
288 940 402 1005 edidit:
439 943 478 1002 de
507 940 621 1023 quibus
650 939 715 1001 vid.
740 941 856 1002 Madv.
880 961 914 1020 p.
941 942 1001 1004 tta
1030 961 1100 1023 seq.
1145 942 1188 1003 Et
1218 941 1349 1025 egregie
1373 942 1459 1004 illam

132 1048 276 1098 nostram
299 1033 510 1116 suspicionem
531 1031 748 1096 confirmatam
773 1033 909 1095 vidimus
935 1037 963 1095 in
993 1035 1049 1096 lib.
1074 1035 1104 1098 I.
1134 1047 1197 1097 art.
1220 1035 1269 1097 ll.
1292 1035 1324 1096 in
1347 1036 1459 1109 Vera,

131 1128 224 1192 caius
245 1130 317 1192 libri
336 1138 507 1190 extremam
528 1140 650 1208 partem
674 1139 815 1189 vetustas
837 1127 1023 1209 intercepit:
1049 1127 1264 1191 deficientibus
1287 1126 1386 1211 igitur
1405 1148 1462 1190 oo⁴

133 1223 257 1285 dicibus
277 1220 463 1296 Ciceronis,
488 1222 637 1283 deliciunt
656 1222 748 1283 etiarn
768 1220 908 1295 scholia,
933 1235 964 1284 et
980 1223 1012 1283 in
1028 1222 1151 1286 scholio
1168 1222 1279 1302 mutilo
1299 1219 1462 1284 desinunt:

134 1327 168 1380 et
195 1337 291 1401 quum
321 1315 352 1378 in
381 1337 413 1377 c.
444 1314 497 1378 59.
531 1318 566 1376 h.
600 1337 649 1384 or,
677 1318 759 1377 iusta
782 1320 873 1379 cadat
898 1318 1055 1397 suspicio,
1087 1328 1121 1378 ut
1143 1337 1201 1378 suo
1225 1317 1300 1380 loca
1323 1314 1460 1390 dicetur,

136 1429 202 1474 aaa
223 1430 325 1491 pauca
348 1407 516 1473 Ciceronis
542 1409 755 1483 intercidisse,
781 1410 872 1473 ctiam
896 1411 1016 1475 scholia
1042 1409 1150 1471 rutttila
1174 1421 1264 1481 stant:
1287 1418 1320 1470 ut
1341 1428 1463 1472 extruo

139 1504 269 1578 codice,
303 1503 359 1587 qui
383 1502 435 1566 illa
462 1503 581 1566 scholia
612 1503 774 1576 habuerit,
810 1506 943 1580 mtttilo,
979 1525 1080 1588 neque
1112 1502 1188 1564 satis
1215 1505 1320 1577 bono,
1355 1523 1464 1565 omnes

141 1597 245 1661 nostri
267 1596 412 1670 codices,
438 1616 519 1678 quos
541 1617 623 1659 ntrnc
643 1596 727 1658 illius
751 1597 822 1659 libri
845 1600 1012 1672 habemus,
1038 1598 1186 1678 descripti
1209 1597 1393 1658 videantur:
1418 1597 1462 1660 cl.

144 1693 262 1756 Madv.
285 1713 320 1773 p.
347 1690 419 1753 102.
444 1691 475 1751 in
498 1701 567 1754 not.
613 1690 734 1774 Arguit
755 1692 845 1754 etiarn
868 1692 944 1754 illud
967 1696 1053 1774 quod
1076 1692 1210 1755 diximus
1237 1689 1467 1753 commentandi

143 1805 245 1866 genus
266 1786 467 1866 perturbatus
493 1786 574 1847 ordo
597 1785 811 1860 scholiorum,
837 1788 875 1848 de
902 1808 967 1870 quo
996 1785 1076 1848 dixit
1103 1786 1219 1849 Madv.
1244 1806 1278 1866 p.
1308 1784 1380 1860 89„
1411 1785 1465 1867 qui

139 1879 213 1943 talis
235 1878 336 1940 estin
359 1881 433 1942 cod.
455 1888 567 1941 nostro
591 1891 621 1942 et
643 1879 674 1940 in
697 1892 776 1940 vett.
801 1881 869 1945 edd.
893 1880 1017 1962 qualem
1041 1891 1224 1960 exspectes,
1259 1898 1353 1962 quum
1383 1900 1465 1958 quae

138 1994 205 2040 uon
234 1993 294 2035 una
325 1993 417 2035 manu
440 1972 471 2034 in
502 1972 634 2035 diversis
664 1973 857 2053 rnarginibus
884 1974 1002 2036 codicis
1029 1973 1147 2054 scripta
1175 1984 1266 2046 sunt,
1302 1992 1365 2037 nou
1391 1973 1465 2034 satis

139 2067 312 2150 diligenter
334 2067 365 2128 in
388 2087 481 2127 unttm
507 2066 643 2129 libellum
667 2066 890 2129 coniiciuntur.
936 2067 1091 2149 Exempla
1116 2067 1206 2128 hunius
1229 2064 1293 2139 rei,
1332 2077 1407 2146 post
1429 2087 1465 2128 ea

140 2182 223 2246 quaa
248 2159 453 2242 Madvigius,
478 2159 499 2223 l.
521 2182 550 2222 e.
575 2173 642 2225 not.
669 2161 706 2233 2,
731 2160 832 2234 dedit,
866 2182 957 2223 nemo
983 2161 1143 2244 requiret:
1176 2155 1273 2221 rinttm'
1292 2169 1394 2221 tamen
1417 2159 1465 2222 in-

140 2254 260 2339 signius
286 2254 461 2336 praeterire
490 2275 553 2316 uon
577 2275 728 2335 possum,
764 2256 850 2337 quod
882 2268 929 2316 est
960 2258 997 2315 ad
1025 2276 1055 2317 e.
1085 2256 1136 2316 15.
1171 2253 1228 2315 lib.
1258 2252 1326 2314 tin
1349 2255 1463 2330 Verr.,
1571 2301 1582 2331 .-

141 2348 196 2411 ubi
217 2350 259 2410 sd
280 2350 378 2410 verba
395 2350 433 2412 C.
449 2350 615 2411 Malleolo
638 2348 767 2421 occiso,
793 2349 869 2409 hacc
891 2360 1058 2410 notantur:
1085 2348 1128 2425 (in
1145 2349 1218 2408 cod.
1235 2357 1266 2407 et
1281 2350 1352 2422 edd.
1370 2351 1467 2426 vett.)

140 2441 341 2526 Suspiriose
362 2442 463 2504 verbo
486 2463 570 2503 usus
591 2453 661 2515 est,
693 2462 773 2502 aum
795 2462 862 2503 uon
885 2442 1014 2504 insistit
1035 2453 1073 2504 ut
1092 2441 1257 2524 prolaeta
1282 2444 1389 2506 Verre
1411 2462 1467 2504 oo·

143 2528 372 2610 cinamomo,
407 2535 472 2600 sed
495 2536 546 2597 ita
566 2537 636 2596 orslt
661 2535 783 2608 vider-i,
818 2535 900 2618 quia
924 2536 1028 2601 Verri
1050 2554 1145 2597 mors
1166 2533 1238 2595 eius
1261 2536 1357 2597 lucro
1374 2532 1465 2623 fuit.

143 2631 302 2694 Alteram
334 2630 473 2691 tutelae.
518 2629 597 2691 lilii
625 2630 783 2692 Malleoli
816 2640 911 2691 tutor
934 2629 1065 2718 jactus
1099 2639 1150 2691 est
1188 2630 1325 2692 Verres.
1378 2629 1468 2708 Quae

146 2725 247 2787 verba
277 2724 344 2786 sine
371 2723 469 2785 dubio
500 2725 538 2783 ad
567 2745 597 2784 c.
627 2723 680 2786 31).
708 2722 883 2804 pertinent,
918 2744 983 2804 qrro
1008 2723 1098 2784 ctiam
1122 2720 1219 2782 relata
1242 2722 1367 2784 suntin
1390 2726 1465 2786 edd.

144 2816 391 2890 recentioribus,
416 2817 499 2878 etin
523 2816 711 2878 novissima:
747 2817 811 2878 vid.
836 2838 870 2897 p.
895 2816 969 2879 169.
994 2818 1068 2879 tat.
1092 2815 1178 2877 Bait.
1224 2814 1274 2877 Ibi
1296 2817 1376 2878 euim
1407 2818 1469 2880 hoc

145 2914 277 2975 verbum
300 2910 417 2974 occido
441 2911 649 2990 suspiciosum
674 2923 738 2984 est,
762 2910 910 2991 quoniam
927 2911 1078 2973 continuo
1100 2910 1212 2972 dicitur
1231 2911 1269 2970 de
1292 2911 1468 2974 commodis

144 3027 224 3088 quae
248 3027 288 3069 ex
312 3016 413 3068 morte
437 2990 584 3066 Malleoli
607 3007 645 3066 ad
668 3005 804 3066 Verrem
823 3005 1045 3085 pervenerint:
1070 3024 1171 3087 neque
1191 3002 1253 3066 alio
1274 3003 1347 3067 loco
1371 3006 1468 3066 verba

141 3102 290 3162 atteram
311 3101 438 3161 tutelae
460 3098 621 3181 leguntur.
667 3098 821 3160 Nimirum
841 3098 894 3180 qui
910 3100 988 3161 alius
1004 3099 1148 3182 magistri
1162 3096 1313 3159 scholium
1330 3098 1361 3159 in
1378 3120 1467 3160 suum

142 3193 285 3256 codicem
311 3193 485 3254 transferre
508 3193 619 3266 vellet,
654 3193 856 3254 similitudine
882 3195 1053 3254 verborum
1081 3196 1231 3271 deceptus
1258 3191 1360 3251 alieno
1393 3192 1468 3256 loeo

144 3285 279 3348 addidit:
304 3285 376 3348 hino
398 3287 489 3348 etiam
516 3286 545 3348 in
563 3285 768 3349 scholiorum
794 3286 877 3349 libro
902 3286 1139 3348 San-Gallensi
1163 3284 1265 3346 alieno
1292 3285 1365 3349 loco
1388 3286 1469 3370 legi·

144 3390 213 3440 tur.
233 3413 276 3425 -
295 3380 349 3451 Ex
377 3381 486 3443 codice
511 3377 678 3443 Ciceronis
703 3381 810 3462 aliquo
834 3381 937 3443 onmia
961 3379 1119 3461 descripta
1142 3399 1211 3441 esse
1235 3377 1328 3440 etiarn
1352 3400 1391 3442 eo
1414 3402 1470 3462 ap-

145 3484 255 3552 paret,
289 3476 375 3557 quod
398 3475 435 3534 de
465 3475 571 3536 eadem
600 3494 651 3547 re,
682 3474 816 3536 divorsis
847 3474 946 3548 locis,
981 3475 1104 3555 saepius
1130 3473 1210 3534 idem
1241 3483 1402 3547 mouetur,
1437 3485 1472 3535 ut

147 3564 231 3627 solet
254 3566 321 3629 leri
342 3566 372 3628 in
396 3568 456 3629 illis
479 3566 597 3630 notulis
620 3589 636 3628 a
660 3568 839 3649 legentibus
863 3567 1044 3647 adscriptis.
1091 3568 1144 3628 Sic
1166 3569 1204 3627 de
1230 3566 1363 3640 Mino'e',
1388 3568 1471 3646 apud

147 3658 322 3742 Virgilium
337 3663 519 3745 quiaesitorc
542 3663 644 3735 dicto,
670 3660 783 3722 dicitur
806 3684 838 3742 p.
866 3664 959 3734 110.,
984 3664 1021 3721 ad
1044 3671 1106 3722 act.
1132 3660 1160 3722 Ι.
1184 3660 1215 3720 ia
1241 3660 1360 3732 Verr.,
1385 3671 1416 3720 et
1437 3659 1470 3721 in

147 3772 221 3835 arg.
250 3753 307 3819 lib.
337 3756 366 3818 Ι.
397 3768 461 3817 act.
492 3756 540 3818 lt.
567 3777 601 3837 p.
633 3756 706 3818 155.
752 3755 789 3817 In
818 3757 880 3818 hoo
909 3755 981 3834 ipso
1009 3764 1195 3837 argumento
1225 3753 1330 3815 multis
1362 3753 1470 3815 verbis

147 3859 314 3922 mouetur,
337 3849 458 3931 reliqua
482 3871 544 3912 non
568 3850 649 3910 dicta
672 3851 726 3911 scd
747 3849 862 3930 scripta
887 3871 903 3910 a
928 3847 1108 3912 Cicerone:
1132 3847 1213 3910 idem
1230 3867 1341 3909 rursus
1356 3847 1470 3908 dicitur

145 3944 186 4004 ad
214 3941 317 4023 prima
348 3942 504 4006 orationis
527 3946 644 4016 verba,
679 3963 713 4022 p.
743 3943 815 4004 150.
847 3953 878 4004 ct
900 3946 938 4002 ad
961 3964 990 4004 c.
1014 3941 1046 4002 8.
1068 3962 1104 4022 p.
1128 3940 1204 4004 toa.
1246 3940 1296 4002 De
1318 3940 1468 4021 amplius

144 4036 382 4117 pronuntiando
405 4038 445 4098 ad
466 4037 499 4098 n.
525 4056 575 4100 or.
600 4035 647 4096 bis
670 4034 801 4109 dicitur,
825 4056 858 4115 p.
884 4037 956 4097 101.
981 4047 1011 4096 et
1035 4034 1108 4097 180.
1151 4034 1206 4099 Ad
1227 4052 1257 4095 c.
1283 4037 1312 4094 1.
1337 4034 1414 4097 Div.
1431 4054 1466 4114 p.

144 4132 219 4193 100.
244 4142 407 4203 monetur,
443 4133 606 4192 aduobus
637 4129 858 4211 quaestoribus
881 4129 1017 4191 Siciliam
1044 4125 1131 4211 regi,
1164 4125 1397 4207 Lilybaetana,
1435 4140 1468 4189 ct

143 4225 366 4304 Syracusano:
389 4224 469 4287 idem
493 4222 631 4286 recurrit
653 4244 686 4302 p.
712 4222 785 4283 187.
809 4224 847 4283 ad
871 4221 926 4283 lib.
951 4222 980 4285 I.
1005 4218 1324 4301 act.11.etp'ostea
1348 4224 1386 4282 ad
1409 4222 1465 4287 lib.

142 4317 192 4382 11.
217 4340 251 4399 p.
276 4319 389 4386 2⁰l.:,
411 4319 496 4382 dicas
530 4317 604 4378 satis
637 4316 844 4387 inculcatum:
877 4318 931 4378 sed
960 4319 998 4377 ad
1025 4314 1156 4377 eundem
1181 4311 1295 4377 librum
1326 4337 1359 4397 p.
1390 4316 1464 4379 208.

140 4411 278 4476 dicitur:
316 4412 564 4497 Lilybaetauus
585 4409 660 4472 soil.
683 4421 862 4493 quaestor,
894 4429 962 4471 noa
985 4412 1242 4492 Syracusanus.
1286 4409 1381 4472 Nam
1402 4411 1466 4473 hos

140 4504 239 4570 binos
266 4519 468 4589 quaestores
496 4526 630 4568 annuos
658 4505 776 4566 habuit
803 4503 933 4567 Sicilia.
979 4499 1077 4564 Conl.
1101 4502 1217 4563 Madv.
1240 4520 1274 4582 p.
1300 4500 1372 4565 tte.
1396 4513 1464 4567 aot.

142 4601 175 4662 l.
199 4630 241 4644 -
264 4597 477 4663 Diversarum
501 4599 593 4662 etiam
615 4598 774 4661 hominum
797 4596 923 4678 saepius
947 4613 1100 4678 agnoscas
1125 4615 1267 4657 manum:
1292 4607 1326 4657 ut
1344 4616 1377 4677 p.
1393 4598 1466 4661 110.

144 4693 202 4757 ubi
230 4693 347 4756 dicitur
376 4695 414 4756 de
440 4693 608 4756 iuvenibus
639 4693 798 4755 nobilibus
826 4689 856 4751 in
885 4689 1062 4751 accttsando
1090 4690 1129 4750 alr
1151 4689 1329 4752 Hortensio
1358 4688 1465 4765 elusis,

147 4799 299 4855 monetur
329 4787 499 4872 significari
529 4786 621 4851 etiam
651 4785 838 4862 Caesarem,
876 4783 963 4865 qaod
996 4781 1136 4847 lactasse
1164 4804 1205 4847 ex
1237 4781 1306 4847 veri
1335 4781 1469 4848 Asconii

222 4887 350 4935 onomast.
387 4888 439 4932 elic.
460 4886 504 4932 lll.
1298 4877 1331 4928 22
