3202 5318
561 325 712 393 INDEX
734 326 917 393 LEGUM.
1332 332 1394 398 209

77 465 236 531 acerbum
257 464 425 531 iudicium
444 466 494 542 si,
517 467 860 551 quemadmodum
881 480 1060 532 senatus
1080 471 1248 536 censuit
1267 494 1395 557 popu-

75 561 230 644 lusque
245 558 396 633 iussit,
415 559 477 622 ita
485 558 700 651 fecisses,
724 573 768 624 ut
789 561 885 625 lruie
906 573 946 625 et
966 576 1085 626 suam
1106 575 1145 627 et
1165 567 1215 629 alr
1233 569 1309 632 lroe
1330 570 1396 634 olr-

74 666 275 718 sernatas
295 653 442 718 tribus
463 654 629 729 ederes,
655 675 723 719 non
746 656 848 721 modo
872 675 941 719 non
962 678 1142 741 quererer,
1166 671 1218 721 set
1241 662 1396 726 nunciis

72 745 241 812 iudicibus
261 747 382 822 editis,
414 746 473 832 qui
492 759 596 813 testes
619 747 709 811 idem
732 770 806 812 esse
825 761 984 831 possem,
1011 751 1204 815 absolutum
1222 766 1395 835 putarem.

155 841 293 906 Ibidem.
335 844 423 907 Cum
445 841 535 904 enim
558 844 623 905 has
641 842 754 905 tribus
772 842 927 917 edidisti,
952 843 1084 926 ignotis
1105 857 1139 907 et
1158 845 1328 910 iudicibus
1345 847 1399 912 uti

71 937 170 999 malle
192 957 296 1021 quam
316 935 408 1001 notis
429 935 627 1000 iudicavisti
638 965 648 1016 ς
661 934 840 1027 fugisti
861 938 1124 1001 sententiam
1145 940 1269 1024 legis.

158 1029 198 1097 C.
220 1028 361 1095 XVIII.
385 1035 416 1106 §.
441 1031 494 1094 to.
517 1041 591 1093 tum
613 1031 784 1107 mirabor,
806 1043 843 1117 te¹
861 1029 906 1095 iis
927 1031 1037 1095 armis
1058 1033 1136 1109 uti,
1150 1055 1237 1118 quae
1256 1032 1319 1098 tibi
1338 1037 1399 1100 leae

70 1124 191 1200 dabat,
216 1123 380 1189 noluisse.

156 1221 210 1283 Ex
238 1218 285 1282 his
308 1216 480 1301 praecipue
504 1217 530 1282 is
552 1219 662 1296 locus,
694 1217 748 1304 qui
776 1224 807 1296 §.
832 1219 885 1282 II.
909 1231 1013 1297 extat,
1043 1243 1252 1305 maxumeque
1276 1225 1417 1301 verba,

70 1314 121 1390 si,
143 1312 432 1398 quemadmodum
453 1324 595 1377 senatus
615 1314 747 1378 censuit
762 1316 978 1398 populusque
994 1314 1114 1393 iussit,
1138 1337 1238 1399 paene
1251 1317 1399 1403 flagitare

72 1408 282 1482 videbuntur,
318 1417 353 1468 ut
374 1405 406 1470 in
428 1406 495 1489 ipsa
517 1407 589 1492 lege
612 1405 825 1489 perscriptum
847 1408 1064 1491 sancitamque
1092 1420 1264 1474 statuamus
1284 1411 1396 1490 inisse,

72 1513 109 1564 ot
130 1523 169 1565 ne
192 1500 293 1575 aliae,
317 1521 410 1584 qsaam
433 1522 513 1582 quae
534 1522 552 1563 a
575 1521 632 1564 reo
656 1512 828 1583 corruptae
849 1514 1081 1583 arguerentur,
1105 1502 1207 1566 tribus
1226 1506 1265 1566 ab
1290 1525 1401 1569 accus-

73 1607 180 1658 satore
207 1597 389 1657 ederentur.
435 1595 544 1658 Nihilo
567 1595 669 1657 nrinus
691 1595 856 1679 quiequam
881 1616 944 1679 ego
963 1617 1000 1659 ea
1015 1598 1057 1661 de
1077 1618 1114 1660 re
1129 1597 1160 1660 in
1181 1597 1253 1679 lege
1274 1597 1399 1662 Licinia

72 1689 171 1752 luisse
198 1689 352 1770 scriptum
376 1709 479 1772 nego,
514 1687 768 1773 Ciceronemque
786 1676 911 1764 verbis,
935 1690 985 1765 si,
1009 1690 1296 1775 quemadmodum
1321 1704 1399 1770 cet„

73 1803 163 1847 more
189 1783 334 1846 oratorIo
358 1782 449 1845 dietis
472 1782 545 1845 nihil
571 1783 647 1845 aliut
673 1804 765 1866 quam
791 1784 977 1846 seeundum
1002 1784 1091 1867 legis
1113 1785 1317 1848 sententiam
1339 1806 1399 1848 vo·

71 1877 168 1940 luisse
200 1876 381 1961 significare
414 1877 567 1941 arbitror.
621 1879 701 1940 Nam
735 1900 799 1941 non
828 1877 928 1940 luisse
958 1876 1109 1958 scriptum
1141 1877 1212 1939 illut
1244 1877 1276 1941 in
1306 1879 1395 1962 lege,
1436 1926 1439 1930 ·

70 1985 162 2035 certo
185 1971 257 2034 inde
280 1971 489 2055 intellegitur,
514 1973 602 2053 quod
623 1971 655 2033 in
679 1970 811 2054 reliquis
834 1971 913 2034 locis
929 1971 1092 2046 omnibus,
1117 1971 1171 2033 uhi
1186 1973 1232 2033 de
1246 1973 1299 2035 illu
1317 1972 1400 2037 iudi-

69 2087 141 2129 cum
168 2062 305 2128 editione
329 2075 484 2141 sermost,
518 2064 560 2126 ita
592 2056 711 2128 Cicero
739 2063 900 2147 loquitur,
933 2076 966 2126 nt
992 2065 1199 2127 Laterensem
1229 2087 1400 2150 numquam

69 2157 290 2222 auctoritatem
310 2171 461 2233 senatus,
493 2170 540 2220 set
565 2156 732 2220 consiliuln
757 2158 913 2231 violasse,
938 2179 1040 2240 neque
1065 2169 1176 2221 contra
1205 2158 1327 2243 legem,
1352 2173 1402 2225 set

72 2263 195 2317 tantum
211 2263 325 2315 contra
342 2252 423 2336 legis
439 2252 624 2314 sententiam
640 2251 754 2314 iecisse
770 2250 864 2315 dicat.
897 2250 1063 2315 Pertiuent
1078 2253 1140 2313 huc
1158 2250 1252 2313 etiam
1267 2252 1299 2313 hi
1315 2252 1399 2317 locis

155 2343 198 2410 C.
222 2346 322 2409 XVI.
347 2352 377 2423 §.
401 2345 455 2409 39.
499 2345 592 2430 Quid
615 2346 707 2409 enim
727 2357 827 2427 potes
848 2345 976 2419 dicere,
1011 2366 1073 2406 cur
1100 2345 1170 2406 ista
1198 2344 1304 2408 editio
1329 2367 1399 2412 non

69 2460 240 2502 summam
263 2439 385 2501 lrabeat
407 2440 629 2502 acerbitatem
652 2451 784 2502 remota
805 2439 939 2502 ratione
966 2439 1043 2514 illa,
1068 2459 1172 2522 quarn
1192 2437 1235 2500 in
1257 2437 1281 2499 d
1287 2461 1399 2503 ecer-

71 2534 214 2597 nendo
233 2532 372 2595 secuti
392 2534 566 2596 sumus?

157 2625 200 2691 C.
225 2626 361 2690 XVIII.
384 2633 416 2702 §.
440 2629 491 2693 tt.
535 2629 656 2711 Neque
671 2649 737 2711 ego
752 2648 841 2689 nunc
856 2625 1036 2691 consilium
1052 2625 1263 2708 reprehendo
1285 2638 1395 2704 tuum,

68 2722 163 2807 quod
183 2741 244 2785 eas
265 2719 394 2795 tribus,
418 2720 541 2806 quibus
561 2722 616 2784 laic
638 2743 802 2785 maxume
824 2732 944 2797 notus,
968 2741 1036 2783 non
1059 2719 1226 2795 edideris,
1250 2732 1302 2783 set
1321 2741 1345 2783 a
1363 2718 1416 2786 te

69 2816 176 2879 doceo
197 2813 423 2877 eonsilium
446 2835 525 2878 non
547 2827 762 2879 servotum
783 2827 973 2878 senatus.

153 2907 257 2992 Atqui
275 2908 301 2970 si
322 2907 445 2970 disertis
471 2909 577 2972 verbis
597 2909 667 2972 illut
686 2909 718 2970 in
741 2910 814 2991 lege
833 2908 955 2973 Licinia
970 2907 1120 2989 scriptum
1138 2906 1268 2984 fuisset,
1292 2931 1395 2995 neque

67 3001 254 3067 Laterensis
274 3001 390 3075 tribus,
415 3023 492 3085 quas
515 3003 626 3078 edidit,
652 3005 746 3066 edere
769 3005 944 3085 potuisset,
971 3013 1003 3066 et
1019 3001 1154 3076 Cicero,
1179 3001 1208 3063 si
1231 3003 1392 3081 edidisset,

65 3097 245 3181 neglectam
270 3096 489 3158 auctoritatem
513 3109 638 3159 senatus
664 3118 700 3158 ae
723 3098 872 3160 siplatam
897 3118 966 3159 esse
989 3097 1090 3177 legem
1106 3095 1284 3159 clamasset.
1329 3099 1395 3161 Ne·

65 3214 129 3275 qne
160 3212 239 3255 vero
268 3192 487 3265 obscurumst‚
521 3213 582 3273 qua
612 3193 734 3254 ratione
764 3190 884 3255 Cicero
914 3194 1121 3253 Laterensem
1150 3188 1183 3249 in
1214 3189 1394 3274 delegandis

62 3285 222 3349 iudicibus
253 3284 375 3368 fugisse
400 3287 584 3348 sententiam
612 3285 691 3370 legis
722 3284 828 3348 dicere
858 3285 1012 3366 potuerit.
1057 3283 1170 3347 Fuisse
1201 3283 1281 3345 enim
1310 3286 1394 3349 hanc

64 3379 147 3463 legis
171 3379 374 3455 sententiam,
401 3392 435 3442 ut
453 3401 508 3442 cae
532 3382 653 3454 tribus,
680 3402 760 3465 quae
783 3391 954 3461 corruptae
978 3401 994 3441 a
1018 3399 1076 3440 reo
1100 3388 1329 3460 arguerentur,
1351 3381 1390 3442 ab

65 3486 269 3538 accussatore
291 3477 477 3549 ederentur,
503 3474 575 3536 inde
599 3473 740 3557 conlegit
760 3470 893 3548 Cicero,
919 3475 1007 3555 qraod
1027 3472 1059 3534 in
1079 3471 1149 3534 solo
1168 3470 1392 3536 sodaliciorum

66 3567 198 3631 crimine
221 3568 378 3631 tribuario
405 3570 444 3630 ab
468 3580 669 3631 accussatore
690 3568 739 3630 edi
757 3567 857 3629 tribus
884 3567 982 3630 licuit.
1024 3568 1138 3650 Itaque
1158 3562 1210 3624 ille
1231 3563 1278 3626 sic
1292 3567 1391 3631 ratla-

66 3661 190 3725 cinatus
212 3674 278 3725 est:
304 3663 336 3723 Si
360 3663 389 3724 iu
413 3664 472 3723 hac
494 3662 563 3725 sola
586 3662 795 3725 retribueris
819 3662 894 3739 (cir.
919 3667 949 3737 §.
973 3660 1042 3740 36.)
1065 3660 1165 3724 tribus
1188 3658 1237 3719 edi
1258 3657 1331 3722 licet
1344 3661 1390 3735 ab

66 3768 291 3832 accrassatorc,
318 3777 380 3820 non
404 3768 510 3838 potest
535 3756 601 3819 eius
624 3758 668 3819 rei
688 3757 745 3819 alia
769 3777 878 3818 caussa
903 3777 990 3827 esse,
1015 3777 1105 3838 quam
1131 3759 1225 3832 haec,
1250 3756 1336 3836 qraod
1357 3755 1389 3817 in

65 3849 294 3914 sodaliciorum
316 3850 446 3912 crimine
463 3850 617 3912 tribuario
633 3850 736 3913 tribus
752 3863 882 3930 optume
901 3849 1040 3910 iudicare
1056 3865 1201 3930 possunt.
1246 3850 1389 3913 Possunt

65 3957 171 4008 autem
198 3957 392 4026 propterea,
428 3947 513 4030 quod
536 3945 656 4019 sciunt,
691 3943 766 4026 quid
797 3944 836 4004 ab
865 3963 923 4017 eo,
959 3941 1013 4024 qui
1043 3958 1242 4018 accussatur,
1273 3943 1302 4005 in
1330 3963 1387 4005 co·

65 4038 161 4102 mitiis
189 4037 378 4102 conmissum
408 4037 461 4100 sit.
507 4037 703 4102 Certissnma
734 4047 836 4099 autem
860 4036 890 4099 in
914 4035 997 4098 illius
1020 4037 1136 4101 delicto
1169 4039 1243 4117 (cfr.
1269 4045 1298 4114 §.
1321 4039 1386 4114 46.)

62 4131 195 4196 scientia
219 4153 329 4195 eorum
352 4134 445 4194 debet
465 4153 552 4206 esse,
578 4132 632 4213 qut
656 4152 762 4193 earum
786 4132 922 4212 ipsarum
943 4131 1080 4192 tribuum
1102 4145 1192 4204 sunt,
1217 4151 1294 4215 quas
1311 4151 1385 4192 reus

62 4226 203 4289 adhibita
229 4226 383 4289 sodalium
405 4246 504 4306 opera
531 4225 638 4287 tulisse
664 4225 820 4308 arguitur.
866 4226 977 4306 Itaque
992 4226 1055 4288 hoc
1071 4225 1204 4288 consilio
1227 4234 1408 4285 necessest1

61 4321 114 4384 lex
137 4320 199 4382 lata
224 4319 284 4394 sit,
310 4331 343 4382 nt
359 4321 439 4383 idem
460 4331 557 4382 testes
574 4331 603 4382 et
620 4318 737 4381 iudices
760 4318 820 4381 siut
843 4319 919 4397 (clr.
944 4325 973 4395 §.
995 4320 1079 4398 dl).
1125 4321 1204 4382 Nam
1225 4317 1257 4378 id
1279 4317 1383 4380 sinon

61 4427 127 4490 cst,
153 4415 293 4499 intellegi
316 4436 379 4478 non
403 4425 526 4497 potest,
551 4435 608 4475 cur
631 4433 694 4476 non
718 4411 751 4475 in
774 4424 894 4477 ceteras
911 4434 1038 4475 caussas
1057 4411 1233 4475 istiusmodi
1248 4410 1383 4475 iudicum

61 4507 158 4572 editio
182 4510 332 4570 translata
356 4509 396 4571 sit
417 4509 493 4589 (clr.
516 4510 547 4582 §.
571 4508 652 4585 36.).

146 4604 261 4688 Neque
284 4602 396 4684 negari
411 4613 536 4685 potest,
561 4601 809 4664 acerbissumunr
824 4603 887 4666 hoc
906 4623 1007 4685 genus
1023 4599 1117 4663 iudici
1131 4600 1270 4663 lutrrrum
1286 4599 1383 4665 luisse

62 4708 187 4763 remota
207 4698 330 4762 ratione
344 4699 413 4773 illa,
437 4718 529 4782 quam
549 4706 689 4760 senatum
705 4696 736 4758 in
754 4699 952 4760 decernendo
967 4708 1108 4759 secutum
1125 4695 1243 4760 Cicero
1257 4694 1382 4760 scribit.

64 4791 112 4856 lta
134 4792 219 4856 enim
247 4791 317 4854 lieri
344 4790 465 4875 potuit,
500 4802 551 4870 ut,
584 4812 665 4875 quos
691 4811 836 4855 mastsme
863 4812 921 4856 reo
949 4790 1092 4859 infensos
1116 4790 1231 4866 sciret,
1266 4789 1384 4855 iudices

137 4892 265 4940 onomast.
286 4893 337 4938 Cle.
357 4893 401 4938 tu.
1217 4887 1248 4935 li
