3202 5318
182 266 255 345 ,919
674 260 825 331 INDEX
846 260 1027 331 LEGUM.

358 453 498 514 chnua
518 449 560 514 dc
581 450 683 515 modo
703 472 884 535 agrorum.

275 593 383 674 „Quid
404 593 508 677 legem
527 591 694 657 Liciniam
714 592 864 657 excitavit
880 596 918 656 de
936 590 1116 678 quingentis
1135 589 1298 674 iugeribus
1320 589 1380 656 nisi
1400 591 1512 681 ingens

191 688 307 773 cupido
324 708 422 773 agros
439 684 692 750 continuandi?'’
715 686 792 750 Liv.
808 688 977 750 XXXIV.
995 689 1028 749 1.
1052 717 1092 729 -
1115 685 1223 767 „Quid
1239 686 1396 751 salubrius
1413 691 1511 754 ristun

65 776 68 781 ’
192 794 238 846 est
261 781 430 866 rogatione
453 779 505 843 illa
528 779 678 844 Stolonis
698 780 843 866 iugerum
869 783 908 844 de
933 802 1064 845 numero
1086 777 1312 862 praefinito?”
1355 783 1401 846 A.
1425 784 1512 848 Geli.

190 875 505 1035 XX·clsg?;cch¹ls
532 971 680 1042 „vetabat
705 990 893 1054 quemquam
914 968 1016 1032 civem
1043 967 1114 1051 plus
1140 966 1321 1053 quingentis
1347 966 1510 1055 iugeribus

190 1064 325 1140 babere,
359 1065 446 1148 quod
471 1062 645 1147 aliquando
672 1062 744 1148 lege
763 1063 902 1127 ¹Licinia
928 1075 1050 1126 casuum
1075 1062 1178 1125 erat.''
1212 1058 1330 1126 Vellei.
1352 1061 1397 1128 11.
1421 1066 1455 1142 b,
1479 1066 1510 1130 3.

188 1193 229 1207 ·-
251 1153 360 1237 Μόλις
385 1164 480 1239 ποτὲ,
511 1159 573 1223 τῶν
604 1153 777 1247 δημάρχων
806 1154 1056 1242 εἰσηγουμένων,
1088 1158 1230 1245 ἔκριναν,
1262 1160 1400 1240 Μηδένα
1431 1159 1511 1246 ἔχειν

188 1252 282 1335 tricis
322 1253 378 1332 τῆς
408 1252 468 1339 γῆς
500 1252 571 1333 (τῆς
597 1247 805 1340 δορικτήτου)
840 1255 975 1340 πλέθρα
1004 1252 1225 1343 πεντακοινὶων
1252 1255 1400 1331 nicaeno,
1431 1255 1512 1338 μηδὲ

187 1343 401 1435 προβατεύειν
431 1343 547 1412 inantia
575 1348 672 1411 nlein
703 1341 744 1409 roi
775 1346 905 1427 μείζονα
931 1350 987 1410 καὶ
1014 1347 1234 1410 πεντακοσίων
1264 1342 1305 1410 τὰ
1335 1344 1509 1413 ἐλάσσονα.

189 1442 330 1526 Appiau.
359 1437 553 1505 Bell.·Civ.
582 1438 609 1503 I.
639 1439 671 1501 8.
707 1438 806 1503 Conl.
830 1460 925 1520 supra
949 1437 1024 1500 Liu.
1050 1438 1113 1503 Vl.
1138 1436 1191 1500 36.
1230 1436 1396 1504 Plutarch.
1421 1440 1452 1504 in
1475 1462 1508 1503 v.

189 1534 317 1601 Camilli
338 1557 367 1599 c.
389 1534 443 1598 39.
467 1533 497 1595 in
520 1555 553 1595 v.
578 1531 632 1594 Ti.
657 1532 796 1595 Gracchi
820 1554 849 1594 c.
873 1535 906 1594 8.
930 1533 1040 1596 Varro
1064 1533 1106 1596 R.
1130 1531 1171 1595 R.
1198 1530 1226 1594 l.
1250 1532 1287 1607 9,
1312 1532 1344 1596 9.

277 1633 338 1712 „G.
362 1626 517 1692 Licinius
539 1628 635 1691 Stolo
657 1648 673 1688 a
698 1627 748 1688 M.
773 1625 915 1708 Popillio
940 1627 1079 1690 Laenate
1109 1628 1153 1707 (a.
1186 1646 1218 1688 ιι.
1241 1626 1329 1706 396.)
1358 1649 1414 1691 sua
1437 1628 1508 1714 lege

96 1747 130 1783 .·
180 1726 295 1789 ‘decem
320 1722 445 1787 milibus
470 1719 551 1782 aeris
577 1732 624 1782 est
649 1722 832 1795 damnatus,
856 1721 943 1802 quod
968 1719 1052 1781 mille
1081 1721 1225 1804 iugerum
1252 1720 1322 1803 agri
1348 1740 1418 1783 eum
1440 1722 1508 1786 lilio

188 1816 370 1902 possideret
386 1812 676 1897 emancipandoque
698 1813 795 1874 lilium
812 1813 952 1876 fraudem
972 1814 1037 1896 legi
1054 1812 1215 1876 fecisset.”
1259 1814 1338 1876 Liv.
1356 1816 1439 1880 Vll.
1458 1819 1509 1879 16.

187 1946 228 1958 -
260 1913 321 1985 ,0.
346 1908 501 1975 Licinius
522 1910 635 1982 Stolo,
668 1906 757 1969 euius
780 1906 935 1970 beneficio
961 1907 1047 1989 plebi
1073 1906 1201 1990 petendi
1225 1910 1423 1972 consulatum
1453 1894 1512 1993 po·

186 2017 285 2071 testas
313 2005 396 2068 iacta
426 2017 491 2077 est,
525 2023 594 2063 cum
615 2001 687 2085 lege
711 2000 883 2076 sanxisset,
910 2022 950 2063 ue
975 2000 1045 2086 quis
1069 2000 1203 2082 amplius
1225 2024 1316 2086 quam
1339 2002 1510 2088 quingenta

188 2100 258 2185 agri
278 2098 388 2185 iugera
414 2096 611 2181 possideret,
636 2095 703 2176 ipse
728 2094 812 2157 mille
839 2094 1053 2176 comparavit,
1079 2094 1354 2180 dissimulandique
1372 2096 1511 2161 criminis

189 2193 291 2279 gnatia
322 2191 479 2256 dimidiam
515 2201 636 2273 partem
666 2188 732 2251 lilio
767 2188 987 2270 emancipavit.
1044 2187 1145 2267 Quam
1174 2190 1218 2265 ob
1247 2210 1372 2252 causam
1404 2214 1422 2254 a
1456 2194 1510 2256 Μ.

186 2288 331 2375 Popillio
355 2289 496 2349 Laenate
519 2295 684 2346 accusatus
700 2281 818 2362 primns
834 2304 889 2345 sua
905 2284 978 2367 lege
995 2280 1140 2346 cecidit.''
1164 2283 1278 2347 Valer.
1296 2284 1390 2351 Max.
1406 2285 1508 2350 Vlll.

182 2372 223 2459 b,
248 2382 280 2446 3.
326 2381 425 2446 Conl.
449 2380 534 2443 Plin.
558 2379 605 2441 H.
629 2379 673 2442 N.
697 2377 831 2440 xv111.
856 2377 888 2440 3.

225 2600 228 2605 .
314 2525 330 2550 ⁸
355 2540 493 2603 Lucrum
516 2549 548 2600 et
569 2540 697 2601 Scxrru
719 2535 761 2598 de
783 2534 981 2599 decemuiris
996 2549 1156 2620 exparte
1170 2537 1211 2600 de
1223 2537 1320 2621 plebe
1334 2539 1506 2603 creandis.

272 2661 426 2744 „Reiecti
452 2658 606 2722 decinmm
631 2657 722 2720 iidem
755 2657 890 2733 tribuni,
920 2657 1064 2723 Sextius
1090 2670 1121 2720 et
1150 2658 1319 2736 Licinius,
1351 2663 1394 2742 (a.
1418 2684 1452 2725 u.
1476 2684 1507 2724 c.

187 2756 274 2834 386.)
290 2758 328 2818 de
344 2754 530 2817 decemviris
545 2756 619 2834 (pro
636 2750 822 2831 duumviris)
838 2773 1002 2814 sacrorum
1024 2773 1063 2813 ex
1085 2766 1176 2834 parte
1195 2758 1233 2817 de
1251 2754 1344 2837 plebe
1363 2756 1508 2818 creandis

186 2851 291 2932 legem
313 2848 555 2931 (promulgatam
580 2847 638 2908 iarn
663 2868 694 2908 a.
720 2867 752 2908 ιι.
776 2868 806 2909 c.
831 2847 905 2908 383.
930 2845 1006 2908 Liv.
1030 2848 1095 2911 Vl.
1120 2849 1185 2929 37.)
1207 2851 1385 2931 pertulere.
1409 2848 1510 2911 creati

188 2946 326 3028 quinque
350 2956 492 3024 patrum,
518 2942 655 3025 quinque
675 2941 793 3022 plebis3
818 2943 983 3024 graduque
1004 2961 1042 3004 eo
1069 2942 1127 3004 iam
1155 2943 1203 3006 via
1225 2942 1309 3006 lacta
1333 2946 1372 3006 ad
1395 2965 1510 3008 eonsu-

187 3037 285 3101 latnm
311 3024 509 3099 videbatur!
542 3037 619 3097 Liv.
646 3035 707 3100 Vl.
734 3035 787 3097 19.

355 3197 493 3259 Lucrum
516 3206 547 3257 et
570 3195 696 3257 Saxam
721 3195 762 3257 de
783 3197 893 3258 altero
914 3198 1051 3259 consule
1071 3219 1119 3259 ex
1136 3197 1232 3280 plebe
1253 3197 1415 3263 creando.

275 3316 439 3400 „Aliquot
462 3315 571 3379 deinde
600 3317 687 3379 annis
713 3328 787 3399 post
817 3318 933 3381 bellum
961 3318 1150 3382 Senonicum
1181 3319 1325 3383 Thebani
1348 3321 1510 3383 Lacedae-

188 3413 311 3477 monios
336 3414 414 3473 duce
438 3411 660 3491 Epaminonda
689 3414 772 3492 apud
799 3411 938 3474 Leuctra
967 3425 1216 3494 superaverunt:
1251 3436 1287 3476 ac
1313 3413 1404 3477 brevi
1434 3426 1508 3496 post

186 3519 332 3588 tempure
356 3505 388 3568 in
412 3508 488 3568 urbe
516 3505 617 3568 Roma
643 3506 713 3588 lege
736 3505 861 3569 Licinii
882 3506 1033 3570 Stolonis
1055 3508 1203 3571 consules
1227 3506 1328 3571 creari
1354 3509 1507 3572 etiamen

188 3603 281 3685 plebe
306 3600 433 3681 coepti,
468 3620 536 3660 eum
567 3611 654 3661 antea
683 3598 732 3661 ius
756 3622 818 3664 non
846 3613 927 3662 esset
953 3599 1076 3662 nisiex
1104 3600 1243 3681 patriciis
1265 3603 1411 3685 gentibus
1437 3601 1507 3665 lieri

189 3694 367 3761 consules.’'
412 3696 456 3757 Α.
481 3694 602 3758 Gellius
624 3694 741 3756 XVIl.
766 3695 825 3769 91,
851 3695 903 3757 96.
928 3695 980 3756 97.
1004 3730 1043 3740 -
1072 3696 1165 3767 „Lex
1187 3707 1255 3757 erat
1281 3698 1406 3761 Licinii
1427 3701 1505 3762 Sto·

112 3814 117 3821 ’
187 3791 292 3864 lonis,
329 3800 362 3851 ut
392 3810 470 3850 unius
493 3788 632 3865 (consul)
654 3787 747 3850 lieret
768 3791 806 3851 de
832 3789 991 3868 patriciis,
1027 3788 1105 3851 alius
1129 3792 1166 3852 de
1191 3788 1345 3871 plebeis.''
1392 3793 1504 3856 Schol.

188 3887 271 3951 Bob.
300 3886 332 3948 in
363 3895 447 3947 orat.
477 3904 538 3966 pro
568 3884 689 3945 Scauro
720 3906 752 3967 p.
785 3885 859 3946 315.
892 3919 933 3928 -
967 3882 1067 3948 Conl.
1105 3906 1201 3967 supra
1236 3886 1313 3950 Liv.
1349 3885 1414 3950 Vl.
1450 3887 1504 3951 36.

190 3980 356 4046 Plutarch.
380 3978 411 4040 in
436 4001 467 4042 v.
493 3976 617 4042 Camilli
640 3997 670 4038 c.
695 3977 748 4040 19.

272 4074 411 4156 „Plebcs
434 4072 630 4136 consulatum
654 4073 698 4150 (a.
722 4094 753 4134 u.
780 4072 865 4152 387.)
887 4076 928 4137 L.
946 4074 1085 4150 Sextio,
1111 4073 1198 4139 cuius
1214 4074 1285 4160 lege
1301 4085 1411 4158 partus
1426 4086 1507 4153 erat,

189 4167 307 4232 dedit.”
331 4166 408 4230 Liv.
433 4166 516 4230 Vll.
542 4168 570 4230 1.
595 4197 635 4208 —
659 4167 841 4246 „Extremo
862 4188 943 4233 anno
967 4171 1012 4248 (u.
1027 4190 1057 4231 c.
1074 4170 1161 4246 600.)
1183 4170 1309 4233 comitia
1328 4169 1508 4233 consularia

189 4276 345 4326 certamen
361 4274 485 4342 patrum
504 4282 541 4323 ac
556 4259 656 4341 plebis
675 4261 817 4336 diremit,
842 4261 976 4324 tribunis
999 4262 1186 4349 negantibus
1206 4285 1358 4347 passuros
1382 4263 1509 4327 comitia

186 4356 313 4432 baberi,
347 4357 378 4417 ni
407 4357 576 4418 secundum
599 4353 768 4418 Liciniam
791 4354 892 4439 legens
922 4357 1131 4431 haberentur,
1165 4359 1321 4424 dictatore
1349 4356 1509 4423 obstinato

186 4448 300 4511 tollere
325 4449 433 4531 potius
455 4459 557 4512 toturn
584 4448 807 4530 erepublica
831 4450 1027 4514 consulatum
1052 4473 1143 4535 quam
1168 4454 1382 4534 promiscuum
1410 4452 1510 4534 patri·

188 4543 247 4604 bus
269 4563 306 4603 ac
327 4541 411 4623 plebi
431 4541 554 4605 lacere.
576 4542 769 4624 prolatandis
792 4542 889 4628 igitur
910 4543 1044 4608 comitiis
1065 4566 1135 4607 cum
1160 4547 1298 4613 dictator
1320 4546 1508 4632 magistratu

186 4633 318 4706 abisset,
343 4656 393 4697 res
417 4639 455 4699 ad
474 4637 686 4719 interregnum
709 4636 818 4700 rediit.
842 4636 984 4700 infestam
1009 4636 1080 4701 inde
1098 4641 1242 4720 patribus
1256 4642 1381 4725 plebem
1407 4640 1507 4704 inter·

186 4749 279 4813 reges
302 4748 372 4791 cum
396 4729 609 4811 accepissent,
633 4732 672 4793 ad
692 4731 889 4795 undecimum
910 4729 1101 4816 interregem
1122 4734 1329 4800 seditionibus
1348 4746 1504 4799 certatum
