3202 5318
619 333 771 400 INDEX
787 333 974 400 LEGJUM.
1354 388 1362 413 ,
1390 337 1451 400 187

132 496 243 540 samm
266 477 483 541 Tolosanum
504 472 573 556 [Sic
600 473 713 557 scripsi
739 495 802 556 pro
831 475 911 539 dolo
938 492 996 540 ans
1023 473 1067 541 ei.
1098 477 1137 538 de
1158 475 1233 539 Nat.
1259 477 1362 544 Deor.
1382 476 1451 542 Ill.

134 572 196 646 so,
221 570 295 651 ib]
316 571 438 633 scelere
464 565 637 650 Caepionis
661 579 784 649 partum
811 569 848 629 ad
873 569 1061 650 emptionem
1087 589 1238 652 agrorum
1263 569 1453 634 convertit.''

134 661 288 729 Aurelius
310 663 430 726 Victor
451 665 488 724 de
510 661 587 725 viris
608 661 725 725 illustr.
748 683 779 722 e.
802 661 856 725 73.
886 696 927 708 -
962 661 1169 745 „Spoletinus
1197 665 1240 725 T.
1269 665 1454 739 Matrinius,

135 779 216 820 nnus
238 776 283 819 ex
301 754 358 829 iis,
382 776 464 839 qnos
489 752 530 819 C.
555 754 681 817 Marius
702 751 827 816 civitate
847 756 1011 829 donasset,
1035 755 1113 816 dixit
1132 777 1255 818 carinam
1275 779 1314 819 ex
1330 756 1456 821 colonia

135 849 255 915 Latina
277 849 309 912 in
328 849 438 933 primis
452 849 542 911 iirma
558 859 590 911 et
603 846 731 910 illustri.
779 847 880 927 Quem
895 868 965 909 cnm
983 848 1116 911 disertus
1132 849 1227 913 homo
1244 852 1286 913 L.
1300 848 1456 913 Antistius

135 954 325 1018 accusaret,
349 964 414 1006 non
440 944 537 1019 dixit,
562 942 690 1005 inndum
706 942 859 1023 populum
877 940 1074 1022 Spoletinum
1094 965 1157 1006 non
1180 965 1249 1007 esse
1263 944 1395 1019 factum,
1415 973 1456 985 -

136 1036 267 1101 videbar
278 1035 379 1113 enim,
394 1036 535 1118 populos
551 1037 588 1098 de
601 1055 660 1098 ιιιο
672 1034 741 1098 iure
750 1078 760 1109 ,
779 1055 841 1097 non
862 1038 900 1097 de
913 1047 1044 1112 nostro,
1065 1034 1181 1099 fundos
1192 1037 1267 1100 lieri
1281 1036 1402 1110 solere3
1416 1070 1458 1083 -·

136 1130 213 1206 iet,
246 1152 320 1194 cnm
342 1130 416 1214 lege
436 1129 608 1212 Appuleia
628 1128 773 1192 coloniae
796 1149 860 1192 non
883 1139 986 1191 essent
1011 1132 1178 1205 dednetae,
1213 1152 1274 1215 qna
1301 1130 1372 1213 lege
1394 1133 1457 1193 Sa·

136 1224 303 1288 werinus
326 1221 370 1288 C.
391 1224 501 1286 Mario
526 1222 661 1296 tulerat,
694 1221 779 1284 utin
805 1221 945 1305 singulas
972 1223 1115 1287 colonias
1140 1236 1248 1287 ternos
1275 1222 1362 1285 eires
1389 1223 1460 1286 uo-

138 1336 254 1381 nanos
282 1316 389 1380 lacere
419 1326 547 1396 posset,
582 1317 721 1398 negabat
749 1317 811 1379 hoe
839 1315 1024 1378 beneficium
1055 1316 1182 1398 reipsa
1208 1316 1331 1378 sublata
1353 1315 1461 1387 ualere

139 1410 296 1475 ueneecl’
339 1430 403 1491 pro
427 1409 530 1472 Balbo
553 1411 610 1482 21,
637 1409 689 1472 48.

224 1504 381 1568 Fortasse
400 1503 516 1565 rectius
539 1514 571 1565 et
595 1504 675 1564 banc
698 1501 802 1585 legem
824 1514 855 1565 et
881 1524 969 1576 eam,
992 1523 1073 1585 quae
1097 1514 1210 1568 artetor
1230 1506 1268 1568 de
1292 1502 1368 1567 viris
1386 1500 1461 1589 illu·

140 1597 261 1662 stribus
286 1598 362 1660 eod.
386 1617 458 1678 cap.
481 1598 733 1675 memorat-(„L.
756 1596 941 1678 Appuleius
966 1597 1175 1661 Saturninus
1196 1595 1460 1679 tribunusplebis

137 1690 330 1764 seditiosus,
364 1701 400 1752 ut
423 1689 555 1771 gratiam
583 1687 804 1752 Marianorum
833 1689 963 1752 militum
990 1702 1137 1771 pararet,
1169 1690 1271 1775 legem
1300 1691 1388 1766 tulit,
1421 1698 1462 1753 ut

136 1783 467 1849 merwueentenn
480 1783 561 1865 agri
578 1783 703 1865 iugera
718 1781 754 1844 in
775 1780 905 1871 Africa
920 1783 1164 1846 dividerentur.
1209 1785 1461 1848 Inter-cedentem

138 1877 293 1941 Baebium
309 1877 466 1959 collegam
489 1876 571 1938 iacta
594 1895 652 1957 per
672 1876 821 1956 populum
844 1875 1033 1957 lapidatione
1048 1876 1275 1957 submovit.''),
1297 1877 1461 1962 agrariae

138 1970 220 2057 legis
241 1969 348 2055 capita
370 1969 491 2032 dixeris
514 1970 563 2031 vel
586 1969 679 2031 etiam
702 1971 758 2031 lias
780 1968 864 2050 ipsas
887 1970 1051 2052 agrariae
1072 1970 1160 2056 leges
1183 1971 1407 2037 nominaveris.

311 2091 484 2154 Aerunura
507 2090 549 2153 de
572 2089 760 2152 maiestate.

224 2192 322 2277 „Iam
346 2191 423 2276 quid
441 2205 591 2269 vocetur,
615 2192 795 2276 quaeritur,
820 2214 912 2267 enm,
936 2213 1000 2276 qno
1022 2194 1124 2255 verbo
1147 2192 1223 2278 qnid
1240 2193 1461 2276 appellandum

143 2286 200 2367 sit,
222 2286 447 2353 contenditur:
474 2297 508 2349 ut
535 2285 608 2348 mibi
635 2284 696 2367 ipsi
722 2308 790 2348 euin
814 2288 877 2349 hoe
902 2284 1043 2368 Sulpicio
1065 2285 1124 2349 snit
1145 2287 1177 2348 in
1203 2288 1347 2351 Norbani
1370 2307 1464 2349 carisa

144 2402 264 2445 summa
290 2379 469 2444 contentio.
513 2380 673 2463 Pleraque
696 2379 777 2441 enim
807 2383 844 2442 de
870 2380 925 2454 iis,
961 2402 1041 2462 qnae
1068 2381 1108 2441 ab
1132 2378 1195 2443 isto
1219 2381 1462 2452 obiiciebantnr,

145 2497 212 2539 cnm
234 2473 426 2547 confiterer,
457 2486 559 2536 tamen
586 2475 625 2534 ab
651 2473 707 2535 illo
733 2473 923 2541 maiestatem
954 2474 1100 2534 minutam
1126 2476 1298 2555 negabam:
1333 2495 1372 2535 ex
1398 2493 1464 2556 quo
1566 2508 1570 2515 .

144 2569 247 2633 verbo
280 2568 354 2651 lege
382 2567 555 2651 Appuleia
583 2579 648 2630 tota
682 2567 733 2628 illa
768 2589 860 2629 cansa
893 2565 1086 2649 pendebat.''
1139 2569 1176 2628 de
1205 2568 1298 2630 Orat.
1327 2568 1376 2631 11.
1405 2566 1463 2640 25,

145 2662 217 2727 tut.
240 2692 285 2705 —
306 2660 369 2733 ,ln
390 2660 443 2725 illa
467 2660 552 2724 omni
574 2659 756 2722 defensione
780 2673 872 2743 atque
896 2682 1007 2736 causa,
1032 2661 1119 2743 quod
1142 2681 1209 2721 esse
1232 2659 1262 2721 in
1288 2672 1355 2722 arte
1376 2659 1464 2741 posi-

144 2766 207 2817 tusn
225 2751 419 2829 videbatur,
448 2766 483 2817 ut
506 2757 543 2816 de
565 2754 637 2837 lege
659 2754 831 2835 Appuleia
853 2754 1008 2827 dicerem,
1040 2763 1092 2828 ut,
1123 2753 1198 2837 qnid
1220 2766 1301 2816 esset
1325 2753 1464 2816 minuere

145 2847 356 2920 maiestatem,
393 2849 603 2929 explicarem,
639 2869 790 2931 perquam
825 2847 967 2911 breviter
1000 2845 1176 2929 perstrinxi
1209 2857 1304 2931 atque
1340 2846 1470 2930 atti'gi.”¹

145 2940 183 3006 de
204 2942 305 3006 Orat.
328 2941 378 3004 ΙΙ.
404 2943 462 3015 49,
486 2942 559 3002 201.

228 3034 368 3118 Pighius
394 3036 511 3097 Annal.
543 3035 638 3098 Rom.
670 3037 711 3096 Τ.
736 3036 802 3097 ΙΙΙ.
827 3058 858 3118 p.
882 3035 955 3097 163.
984 3036 1075 3096 latam
1107 3038 1187 3099 aL.
1211 3033 1382 3116 Appuleio
1405 3037 1467 3098 Sa·

145 3128 289 3191 turnino
318 3127 448 3192 tribuno
474 3128 576 3208 plebis
599 3127 745 3208 opinatur
776 3150 804 3191 a.
826 3151 858 3191 ιι.
883 3131 955 3190 651.
982 3129 1149 3191 occasione
1175 3141 1313 3191 ιιιοιιιιιιιι
1345 3131 1466 3192 Romae

145 3234 354 3295 exortorum,
384 3243 453 3283 erint
477 3221 601 3285 Cimbri
624 3221 777 3302 superatis
799 3221 993 3283 'l‘ridentinis
1015 3222 1151 3302 Alpibus
1176 3225 1214 3283 ad
1239 3222 1382 3285 Athesim
1406 3222 1466 3284 flu·

147 3314 231 3378 rium
258 3313 303 3394 Q.
332 3314 439 3379 Catuli
459 3314 660 3394 proconsulis
687 3327 789 3376 eastra
816 3327 847 3376 et
868 3316 1041 3376 exereitum
1064 3314 1263 3390 invaderent,
1290 3327 1321 3378 et
1346 3315 1467 3397 equites

147 3407 287 3473 llosnani
319 3408 429 3489 plnres
461 3407 577 3489 impetu
609 3410 746 3471 hostiurn
780 3409 940 3488 praesidiis
976 3409 1040 3469 suis
1072 3409 1153 3488 pulsi
1186 3411 1312 3472 deserto
1350 3408 1468 3473 Catulo

146 3501 255 3585 pavidi
275 3505 387 3565 urbem
407 3501 484 3585 suga
506 3513 706 3583 repeterent:
730 3525 794 3584 quo
814 3502 901 3564 laeto
926 3502 1068 3563 maiestas
1087 3502 1199 3583 populi
1218 3503 1352 3566 Romani
1373 3504 1470 3565 vehe-

147 3607 269 3661 smter
292 3595 452 3659 imminuta
478 3597 561 3658 hand
588 3597 679 3657 dubie
708 3598 873 3658 videbatur
896 3597 1011 3680 ubique
1035 3596 1192 3678 gentium,
1229 3620 1285 3658 nce
1315 3596 1414 3658 rninus
1437 3595 1467 3658 in

147 3688 215 3773 ipa
239 3691 324 3753 urbe
347 3691 469 3766 Roma,
503 3713 571 3752 eum
600 3691 628 3751 in
657 3702 739 3752 tanta
768 3691 977 3771 trepidatione
1004 3689 1142 3751 civitatis
1172 3691 1261 3772 quies
1288 3691 1380 3752 valde
1405 3700 1472 3749 tur-

147 3782 221 3847 bata
243 3782 369 3846 fuisset.
416 3785 503 3846 ldern
526 3797 626 3847 tanren
652 3785 812 3867 aliquanto
842 3782 1039 3865 probabilius
1069 3785 1107 3844 ad
1133 3804 1245 3845 annum
1272 3805 1304 3843 ιι.
1334 3804 1364 3842 c.
1394 3778 1467 3842 653.

148 3876 254 3963 legem
276 3876 319 3940 de
342 3878 520 3940 maiestate
543 3880 633 3939 latam
655 3899 721 3940 esse
742 3878 835 3954 dixit,
859 3890 891 3939 ut
907 3876 1021 3939 ceteris
1044 3876 1205 3939 Saturnini
1228 3876 1352 3959 legibus
1376 3874 1470 3935 adde-
1560 3892 1563 3897 ’

150 3983 240 4035 retur
265 3970 413 4045 sanctio,
437 3984 468 4034 et
493 3974 572 4033 banc
598 3972 665 4034 iere
694 3971 760 4033 eius
790 3970 886 4033 sitisse
908 3971 1096 4033 formulam:
1131 3971 1183 4034 uti
1204 3968 1296 4054 qreod
1316 3965 1472 4030 tributim

149 4065 265 4150 plebes
286 4063 442 4127 iussisset
459 4068 626 4148 populum
648 4076 797 4135 teneret:
818 4064 956 4127 tribuno
975 4064 1105 4146 plebem
1127 4063 1267 4144 roganti
1287 4062 1346 4146 qui
1367 4059 1471 4123 obsti·

153 4157 231 4222 terit
261 4157 454 4221 maiestatis
485 4181 565 4221 reus
594 4169 699 4232 esset,
738 4158 853 4241 utique
883 4159 974 4241 quod
1000 4159 1114 4238 plebes
1147 4156 1299 4220 scivisset
1332 4165 1473 4218 senam

154 4251 244 4315 intra
265 4251 425 4337 quintum
447 4252 535 4314 diem
557 4253 631 4314 eius
652 4263 774 4314 ateetor
788 4251 898 4328 fieret
917 4251 1195 4333 plebiscitumque
1210 4248 1319 4332 quinis
1334 4257 1473 4310 senator

154 4343 346 4408 iuramento
372 4366 436 4408 suo
464 4349 659 4420 roboraret,
694 4345 754 4428 qui
779 4356 953 4407 recusaret
974 4355 1097 4407 senatu
1118 4352 1309 4406 innueretur
1330 4352 1365 4404 et
1386 4342 1468 4406 XX.

158 4442 319 4504 talentaim
342 4441 485 4502 multam
505 4443 633 4524 populo
656 4438 766 4500 daret.

616 4571 786 4643 Aoumma
808 4568 849 4631 de
871 4568 1008 4630 demna.

235 4683 373 4765 „Atque
400 4685 510 4746 codem
536 4694 681 4765 tempore
708 4683 787 4764 (quo
815 4681 866 4743 M.
891 4681 1023 4758 Brntns)
1051 4689 1217 4749 accusator
1244 4681 1281 4742 de
1309 4680 1403 4763 plebe
1425 4681 1467 4742 L.

164 4770 351 4842 Caesulenus
379 4775 458 4854 init,
496 4798 588 4860 quem
612 4799 674 4862 ego
703 4773 811 4840 audiri
841 4772 902 4838 iam
929 4794 1054 4854 senem,
1092 4795 1161 4837 curn
1188 4776 1229 4837 ab
1257 4775 1301 4853 L.
1331 4773 1469 4837 Sabellio
1560 4792 1563 4799 ·
