3202 5318
139 331 181 396 71
211 374 214 387 ·
282 320 287 335 '
720 327 871 397 INDEX

138 473 220 539 enim
243 472 305 539 dici
335 472 487 560 quaedam
517 473 657 550 πανικοί,
689 469 752 536 dici
770 470 847 536 item
872 473 915 539 τὰ
936 472 1014 539 κενὰ
1031 477 1091 539 τοῦ
1107 469 1285 558 πολέμον.”
1329 473 1464 538 snam

137 570 184 633 V.
209 568 264 646 29,
293 570 325 633 3.
348 605 390 616 -
433 566 547 650 „Eece
570 579 673 631 autem
693 578 871 631 structores
893 567 1057 631 nostri-
1077 603 1119 614 -
1140 599 1180 615 -
1203 588 1370 633 rumorem
1384 568 1466 633 affe·

136 676 212 728 runt
233 684 400 748 magnum,
425 663 552 728 Romae
575 665 703 725 domum
724 664 764 724 ad
785 661 962 726 Antonium
987 662 1183 725 frumentum
1209 683 1304 727 omne
1326 662 1464 746 portari.

136 757 292 826 Πανικόν
308 769 416 821 certe:
440 754 624 840 scripsisses
646 755 773 820 enim.''’
795 759 835 819 ad
859 756 931 820 Att.
952 756 1053 820 XIV.
1077 756 1115 834 3,
1142 759 1173 821 1.
1193 791 1236 803 -
1278 756 1353 839 „De
1374 758 1465 823 ven·

137 854 233 931 lidio,
257 853 404 920 πανικὸν
422 850 543 936 pulo.’'
588 853 628 915 ad
647 852 717 917 Att.
740 851 842 914 XVI.
866 854 904 926 1,
929 852 962 913 1.
1297 902 1306 943 ,

220 949 344 1016 Πάντα
371 958 445 1036 περὶ
473 946 619 1024 πάντων,
650 946 768 1009 omnia
796 946 838 1008 de
868 945 1044 1021 omnibus,
1080 941 1104 1007 i.
1127 965 1158 1009 e.
1185 957 1333 1010 accurate
1352 959 1386 1011 et
1409 967 1465 1012 co·

135 1041 228 1127 pinse
262 1046 303 1107 de
332 1042 494 1108 omnibns.
539 1040 670 1122 „Quam
703 1039 829 1124 quidem
857 1038 1083 1103 contumeliam
1106 1038 1182 1103 villa
1209 1041 1325 1124 pusilla
1350 1041 1463 1127 iniquo

136 1135 241 1202 animo
262 1139 363 1213 feret,
387 1135 446 1200 nisi
465 1136 497 1199 in
521 1133 669 1200 Cumano
690 1145 721 1198 et
746 1134 945 1217 Pompeiano
965 1134 1141 1199 reddideris
1158 1135 1266 1202 πάντα
1288 1147 1364 1224 περὶ
1383 1138 1463 1204 πάν-

135 1232 241 1301 των.”
286 1234 326 1295 ad
351 1232 443 1296 Fam.
463 1231 549 1295 XII.
573 1230 624 1295 20.
646 1261 687 1273 -
731 1231 771 1291 ad
793 1229 885 1292 Fam.
907 1229 991 1293 XV.
1014 1231 1073 1305 17,
1100 1232 1132 1291 1.

220 1329 345 1396 Πάντα
367 1326 569 1410 φιλόδημον,
592 1345 760 1409 quemque
779 1325 1002 1406 popularem,
1033 1321 1056 1388 i.
1081 1344 1111 1387 e.
1134 1323 1194 1409 qui
1214 1324 1378 1409 volgaria
1394 1343 1461 1390 non

133 1423 280 1509 spernit.
323 1424 364 1485 ad
384 1423 457 1486 Att.
480 1420 564 1485 XII.
587 1421 626 1496 6,
652 1421 682 1484 1.

219 1521 388 1596 Hortalus
414 1517 531 1603 ἀραῆς
550 1514 747 1600 μιμνήσκεο,
776 1513 889 1578 omnis
910 1513 1049 1577 virtutis
1073 1534 1204 1578 memor
1228 1512 1299 1590 sis,
1327 1532 1462 1579 omnem

134 1612 297 1677 virtutem
323 1631 507 1694 exprome,·
539 1631 580 1673 ex
609 1608 746 1673 Homeri
767 1607 861 1672 Iliad.
883 1635 913 1688 χ.
937 1631 973 1672 r.
996 1607 1072 1673 268.
1127 1611 1318 1690 ,Παντοίης
1345 1610 1460 1697 α’ρὲιῆς

134 1708 336 1793 μιμνήσκεο,
363 1726 504 1790 curaque
521 1715 553 1768 et
574 1703 684 1781 111111,
709 1714 744 1767 ut
766 1705 806 1766 ab
825 1703 973 1768 omnibus
993 1715 1024 1767 et
1040 1704 1203 1767 laudemur
1227 1715 1260 1767 et
1280 1700 1462 1768 amemur.'‘

137 1805 176 1866 ad
192 1804 265 1867 Att.
285 1801 316 1864 1.
340 1801 401 1875 15,
427 1803 457 1863 1.
657 1800 660 1805 '

219 1896 320 1963 Πάνυ
346 1893 590 1980 φιλορτόργως,
616 1895 720 1977 plane
745 1904 916 1957 amanter.
961 1891 1069 1975 „Cum
1092 1894 1131 1956 ad
1149 1904 1181 1957 te
1200 1891 1268 1956 VI.
1293 1891 1383 1956 Non.
1408 1892 1461 1955 da-

135 2011 222 2066 rem,
247 1990 346 2054 eidem
367 1988 536 2053 tabellario
560 1988 632 2052 dedi
652 1986 746 2051 etiam
774 1989 814 2050 ad
837 1986 992 2065 Sestium,
1020 1987 1154 2071 scriptas
1174 1988 1258 2054 πάνυ
1283 1985 1460 2072 φιλοστόρ-

135 2083 234 2170 γως.”
279 2085 319 2147 ad
341 2084 413 2147 Art.
436 2085 517 2148 XV.
540 2083 600 2158 27,
627 2086 657 2147 1.

220 2173 453 2268 Παράγγελμα
473 2180 660 2254 ἐνιαύσιον,
688 2178 890 2241 mandatum
911 2198 1078 2242 annuum.
1113 2179 1154 2241 ad
1175 2178 1247 2242 Ati.
1271 2177 1320 2242 V.
1344 2172 1405 2251 11,
1430 2175 1460 2240 1.

137 2275 203 2338 Sed
235 2295 294 2338 nos
326 2273 506 2355 recepimus
536 2270 757 2360 παράπηγμα,
794 2274 832 2335 de
861 2292 926 2356 quo
958 2292 1046 2337 mox.
1077 2272 1160 2339 Eun.
1187 2269 1263 2337 cfr.
1295 2265 1461 2354 Lenpardi

47 2425 50 2433 .
135 2369 292 2433 Emendd.
313 2369 350 2444 5,
375 2368 429 2433 25.

219 2464 487 2552 Παράγραμμα,
516 2461 774 2547 agnominatio,
799 2483 870 2525 cum
889 2461 980 2525 nnius
1002 2460 1130 2525 litterae
1157 2471 1211 2525 aut
1239 2459 1382 2542 syllabae
1395 2480 1463 2523 mu-

134 2557 255 2624 tatione
281 2557 359 2620 alius
380 2578 490 2621 sensus
515 2556 666 2620 efficitur.
719 2558 830 2621 Genus
851 2554 995 2632 ridiculi,
1027 2559 1066 2619 de
1092 2577 1158 2640 quo
1180 2554 1461 2623 L.11.0r.ns.

134 2653 191 2716 ubi
205 2662 442 2737 παρονομασία
457 2650 585 2715 dicitnr.
608 2653 884 2738 „Hopciypappa
904 2650 1060 2716 bellum.”
1084 2653 1123 2714 ad
1142 2650 1231 2714 Fam.
1247 2650 1333 2715 VII.
1350 2650 1405 2727 32,
1429 2649 1460 2711 2.

219 2746 455 2835 [Παραγωγή,
475 2745 643 2808 inductio.
689 2747 775 2828 Top.
800 2748 857 2821 10,
883 2744 936 2807 11.
961 2745 1071 2809 Genus
1093 2744 1379 2831 argumentationis
1403 2744 1463 2807 So·

134 2840 303 2916 craticum,
329 2843 368 2904 de
396 2861 460 2924 qno
484 2839 556 2902 ride
583 2839 766 2923 11111.1.
793 2839 846 2902 31.
872 2839 926 2901 nbi
949 2841 1114 2926 egregium
1137 2838 1329 2903 inductionis
1353 2858 1460 2900 exem·

133 2934 220 3018 plum
240 2934 411 2998 Aeschinis
436 2931 595 2998 Socratici
617 2932 797 3015 profertur.
844 2934 907 2996 Sed
929 2937 1103 3000 Turnebus
1126 2946 1159 2999 et
1175 2932 1351 2997 Lambinus
1372 2952 1461 2997 corr.

134 3029 304 3113 ἐπαγωγή,
327 3030 415 3113 quod
434 3049 494 3092 nos
517 3026 695 3109 recepimus
717 3025 747 3090 in
771 3037 907 3091 textum.
932 3030 1041 3110 Eam]

220 3123 425 3208 Παράδοξα,
457 3142 545 3206 quoe
573 3133 655 3184 sunt
684 3141 808 3185 contro
836 3121 1033 3204 opinionem
1062 3123 1232 3201 omnium,
1268 3121 1459 3199 mirabilia,

133 3217 366 3281 admirabilia.
411 3216 495 3298 „llla
513 3237 591 3279 vero
608 3216 694 3278 ferre
715 3237 780 3279 non
795 3236 946 3299 possum,
978 3239 1042 3283 non
1065 3239 1130 3302 quo
1153 3217 1228 3281 mihi
1251 3218 1460 3300 displiceant;

133 3322 208 3374 snnt
230 3311 310 3374 enim
334 3309 500 3376 Socratica
524 3310 677 3394 pleraque
699 3311 854 3377 mirabilia
878 3313 1081 3387 Stoicorum,
1106 3334 1186 3398 quae
1208 3315 1387 3401 παράδοξα
1405 3333 1461 3377 no·

134 3404 336 3470 minantur.''
386 3405 491 3469 Acad.
523 3405 572 3468 II.
604 3405 662 3481 11,
700 3404 772 3468 136.
802 3439 843 3452 -
894 3407 1022 3489 „Quac,
1059 3406 1133 3493 quia
1161 3419 1234 3470 snnt
1263 3406 1461 3471 admirabilia

134 3511 313 3582 contraque
342 3499 524 3581 opinionem
554 3498 711 3573 omniurn,
744 3502 783 3562 ab
808 3501 884 3584 ipsis
907 3500 998 3564 etiam
1028 3499 1185 3581 (Stoicis)
1207 3501 1386 3590 παράδοξα
1408 3522 1462 3584 ap-

132 3593 311 3676 pellantur,
341 3606 465 3657 tentare
493 3593 601 3670 volui,
633 3607 805 3675 possentne
835 3594 978 3678 proferri
999 3594 1029 3657 in
1053 3596 1173 3670 lucem,
1202 3595 1235 3658 id
1257 3606 1325 3673 est,
1355 3595 1389 3658 in
1409 3594 1461 3660 11·

134 3710 222 3764 rum,
247 3689 342 3752 etita
366 3687 445 3765 dici,
470 3700 505 3752 ut
526 3691 760 3770 probarentur,
796 3712 835 3752 an
859 3687 918 3753 alia
940 3691 1093 3774 quaedam
1120 3701 1202 3753 esset
1224 3690 1366 3766 erudita,
1402 3689 1461 3754 alia

133 3782 299 3866 popnlaris
328 3781 453 3847 oratio:
487 3802 591 3867 eoque
620 3782 735 3866 scripsi
762 3781 928 3858 libentius,
961 3786 1049 3868 qnod
1075 3783 1152 3846 mihi
1177 3784 1256 3862 ista,
1286 3785 1461 3873 παράδοξα

134 3898 216 3962 qnae
240 3877 420 3959 appellant,
451 3876 587 3940 maxime
610 3877 758 3940 videntur
779 3899 848 3940 csse
871 3878 1036 3942 Socratica
1063 3879 1224 3963 longeque
1252 3875 1461 3943 verissima.”

133 3973 252 4038 Parad.
283 3992 432 4054 prooem.
462 3973 495 4033 1.
526 4004 567 4014 -
619 3973 732 4052 „Haec
757 3972 930 4059 παράδοξα
953 3972 1016 4048 ἰΙΙί;
1051 3993 1111 4036 nos
1133 3972 1355 4037 admirabilia
1378 3971 1463 4036 dica·

133 4069 248 4131 mns.”
292 4070 331 4129 de
351 4065 447 4131 Finn.
469 4066 534 4129 IV.
560 4065 618 4142 27,
645 4068 698 4128 71.

217 4160 537 4251 Παρακινδυνεύειν,
567 4182 603 4224 se
633 4173 759 4225 temere
783 4161 939 4245 periculo
964 4164 1122 4228 obiicere.
1173 4159 1462 4245 ,1111111111πί-

133 4283 254 4340 τευγμα
284 4277 431 4342 magnum
458 4256 576 4317 nullum
607 4254 676 4318 fieri
701 4255 821 4337 possit,
845 4259 1036 4342 ἀπότευγμα
1060 4258 1111 4322 vel
1132 4280 1195 4321 non
1219 4278 1368 4340 magnum
1392 4279 1462 4321 rno-

133 4348 244 4413 lestnm
257 4351 399 4414 futurum
415 4348 475 4432 sit,
501 4349 578 4435 qnid
593 4352 1076 4434 1111111παρακινδυνεῦεινῖὶ”
1101 4355 1140 4416 ad
1153 4353 1224 4416 Art.
1240 4350 1345 4416 XIII.
1360 4350 1414 4427 27,
1429 4354 1461 4415 1.

217 4447 325 4530 Παρὰ
353 4449 453 4526 λέξιν,
483 4456 606 4507 contra
629 4445 775 4528 proprie
803 4447 963 4530 loquendi
992 4447 1173 4511 rationem.
1222 4447 1367 4521 „Earum
1391 4445 1463 4526 (lit-

133 4541 294 4618 terarnm)
324 4540 503 4622 exemplum
529 4540 622 4603 nobis
649 4540 745 4625 legit,
777 4542 803 4605 si
829 4543 904 4626 quid
934 4541 1110 4605 videretur.
1155 4542 1264 4607 Pauca
1291 4544 1387 4630 παρὰ
1413 4552 1463 4611 11-

133 4634 199 4710 ξιν,
224 4633 390 4715 ceteroqui
402 4646 433 4697 ct
444 4634 522 4697 satis
536 4635 679 4720 graviter
691 4646 723 4698 et
737 4657 800 4701 non
817 4636 1058 4700 contumaciter.
1070 4634 1090 4663 ‘’
1111 4638 1151 4699 ad
1166 4636 1239 4700 Att.
1255 4638 1357 4703 XVI.
1376 4640 1407 4715 1,
1432 4638 1461 4703 1.

217 4727 438 4813 Παράπηγμα
472 4729 663 4807 ἐνιαύσιον,
697 4750 916 4814 parapegmo
942 4752 1113 4807 onnumn,
1148 4731 1255 4794 tabula
1284 4751 1460 4815 suspensa,

134 4820 163 4884 in
191 4840 252 4905 qua
281 4829 407 4884 notatae
429 4832 501 4887 sunt
526 4824 644 4899 borae,
679 4825 764 4900 dies,
798 4825 932 4907 eclipses
956 4824 1131 4902 etsimilia,
1163 4836 1196 4889 ut
1218 4823 1250 4888 in
1276 4845 1476 4912 gnomone,¹
