3202 5318
221 299 283 367 380
619 293 770 367 tubex
791 287 1144 357 FORMULARUM.

221 447 400 523 caperet.
423 437 452 501 in
477 434 575 501 Catil.
600 434 638 510 1,
662 435 699 511 0,
723 433 756 497 4.
779 472 820 483 -
843 432 956 512 Quod
978 430 1021 493 L.
1046 424 1233 511 Opimius
1255 423 1403 489 consul
1427 425 1550 487 verba

220 532 327 597 feeit
349 533 395 594 de
416 551 459 593 re
480 528 666 613 publica,
698 530 743 590 de
766 548 810 589 ea
833 525 955 588 reita
983 531 1248 595 censuerunt,
1283 518 1343 582 uti
1365 516 1550 602 Opimius

222 625 367 693 consul
387 645 469 688 rem
492 622 699 708 publicam
722 621 987 684 defenderet:
1017 615 1162 699 Philipp.
1185 614 1224 692 8,
1248 614 1285 691 4,
1313 614 1367 676 14.

287 714 574 787 Ἧειιιιυιίειη.
619 715 706 780 Vide
729 714 913 778 Senatus.

305 811 524 894 Depacisci
547 808 608 873 sibi
630 820 766 891 partem.
800 829 862 890 pro
885 809 922 871 S.
946 802 1069 871 Roscio
1094 804 1168 866 Am.
1190 800 1248 879 38,
1275 801 1351 863 110.

304 905 585 990 Depeculator
608 902 773 967 aerarii.
816 902 918 965 Verr.
945 902 1023 963 Act.
1047 901 1083 974 1,
1110 899 1147 974 1,
1172 895 1204 958 0.

306 1001 364 1067 De
386 1010 527 1083 ponte.
558 998 675 1062 Habeo
699 997 822 1074 dicere,
848 1016 940 1080 quem
961 1005 1073 1056 eontra
1089 1011 1209 1055 morem
1225 986 1384 1053 maiorum
1403 987 1554 1053 minorem

222 1092 312 1163 annis
340 1094 421 1159 LX.
445 1095 490 1157 de
513 1102 637 1178 ponte
658 1091 697 1154 in
720 1089 903 1153 Tiberim
928 1085 1143 1152 deiecerit.
1171 1106 1233 1167 pro
1264 1085 1297 1149 S.
1324 1081 1457 1147 Roscio
1482 1086 1554 1148 Am.

226 1188 385 1269 35,100.

307 1284 365 1349 De
387 1304 427 1347 re
449 1282 584 1345 eadem
608 1282 736 1344 rerba
757 1278 859 1344 fecit
882 1277 966 1343 alio
990 1278 1118 1341 modo.
1162 1273 1254 1337 Hace
1277 1271 1380 1333 verba
1405 1269 1438 1333 in
1462 1269 1554 1334 actio·

223 1376 316 1444 nibus
338 1375 511 1461 praescribi
534 1375 653 1438 solent.
687 1376 726 1437 de
749 1373 846 1437 Finn.
871 1374 910 1448 5,
935 1372 993 1447 09,
1016 1371 1070 1435 88.

308 1469 614 1557 Denegationes
636 1469 783 1554 legum.
828 1466 992 1553 Fragmm.
1014 1488 1048 1551 p.
1073 1466 1148 1530 449.

308 1564 564 1630 Descendens
587 1565 627 1625 ad
649 1564 931 1625 incursandum.
955 1560 1102 1626 Divinat.
1121 1563 1205 1639 1,1.
1229 1597 1270 1608 κ-
1291 1561 1555 1627 Descendens

225 1659 266 1722 ad
287 1657 608 1723 accusationem.
640 1677 702 1738 pro
726 1654 838 1720 Caelio
863 1658 901 1732 1,
926 1657 959 1720 0.

310 1751 370 1815 De
392 1762 555 1815 senatus
577 1749 795 1814 sententia.
834 1753 871 1815 de
893 1750 1005 1815 Divin.
1032 1752 1069 1829 1,
1094 1749 1132 1825 0,
1159 1750 1191 1812 4.

154 1918 158 1926 ‚
293 1844 572 1921 Delationes,
607 1842 816 1926 repulsos.
853 1847 892 1907 de
916 1847 1061 1927 Har-usp.
1084 1845 1185 1926 Resp.
1209 1844 1269 1921 05,
1294 1842 1347 1907 53.

309 1938 540 2007 Detestari.
585 1939 670 2001 Vide
692 1940 915 2003 Avertere.

309 2033 432 2098 Deum
454 2032 586 2097 fidem.
631 2032 797 2119 Fragmm.
822 2055 856 2115 p.
881 2032 955 2097 443.

312 2127 371 2194 De
394 2128 434 2191 vi
448 2129 536 2192 hom
547 2127 630 2191 inib
640 2150 679 2191 us
695 2126 861 2191 armatis
876 2140 1010 2211 praetor
1024 2127 1205 2208 interdixit,
1233 2144 1267 2195 ut
1282 2144 1331 2195 est
1347 2137 1560 2201 consuetudo.

230 2242 293 2305 pro
317 2220 457 2288 Caecina
480 2222 519 2299 8,
544 2222 597 2284 03.

313 2313 457 2379 Dicam
479 2316 663 2380 scribere
687 2315 824 2380 alicui.
847 2318 947 2380 Verr.
967 2319 1049 2381 Acc.
1072 2319 1108 2395 0,
1128 2321 1186 2395 15,
1206 2320 1259 2384 37.
1276 2357 1318 2367 -
1342 2324 1422 2387 Lex
1436 2323 1561 2409 Rupilia

230 2410 358 2475 vetabat
378 2410 488 2475 diebus
510 2413 629 2477 XXX.
653 2411 804 2475 sortiri
826 2410 970 2488 dicam,
995 2412 1109 2494 quibus
1135 2413 1254 2496 scripta
1279 2428 1382 2480 esset.
1415 2419 1502 2483 Ibid.

314 2504 388 2570 Die
404 2505 449 2570 de
464 2506 508 2569 L.
525 2504 700 2573 Manlio:
724 2506 767 2568 ita
785 2504 864 2568 dixit
874 2527 1015 2587 praeeo,
1039 2528 1109 2570 cum
1127 2509 1180 2573 M.
1198 2508 1309 2592 Scipio
1325 2510 1560 2601 Maluginensis

229 2620 270 2663 ex
297 2598 440 2663 centuria
469 2621 525 2663 sua
551 2600 745 2662 renuntiaret
771 2598 939 2663 Acidinum
964 2601 1144 2676 consulem,
1170 2601 1218 2681 (id
1242 2613 1311 2665 est:
1346 2604 1414 2669 Dic
1436 2609 1478 2670 de
1502 2606 1561 2669 boc

229 2695 282 2756 rel
304 2693 361 2757 illo
391 2694 560 2758 candidato
587 2694 786 2770 consulatus,
821 2705 924 2756 utrum
950 2696 1091 2759 centuria
1118 2709 1171 2759 tua
1194 2697 1222 2761 ei
1249 2719 1305 2760 sria
1328 2699 1489 2785 suffragia
1511 2701 1559 2761 de·

230 2787 329 2864 derit,
354 2792 481 2868 necne.)
504 2790 544 2851 de
565 2789 628 2852 Or.
648 2784 688 2864 Ι0,
713 2788 771 2864 54,
797 2788 871 2852 050.

315 2881 470 2946 Dicere.
511 2883 637 2947 Praeco
653 2882 807 2945 dixisse
822 2882 1007 2965 pronuntiat
1022 2886 1253 2963 (accusatorem
1270 2897 1300 2949 et
1316 2891 1438 2969 neuin).
1463 2891 1557 2952 Verr.

230 2978 349 3044 Aecus.
372 2976 410 3051 0,
435 2977 491 3053 30,
517 2976 571 3040 75.
598 3012 638 3023 -
661 2977 699 3040 Iu
715 2975 833 3039 iudicio
856 2980 1030 3041 advocatus
1049 3000 1067 3041 a
1089 2991 1241 3061 praetore
1263 2980 1396 3046 iubetur
1418 2981 1558 3048 dicere.

231 3069 334 3135 Verr.
357 3072 479 3135 Aecus.
503 3072 540 3148 0,
566 3072 625 3147 09,
652 3074 704 3134 71.
727 3070 813 3136 Dic.
838 3070 922 3134 lbid.

316 3162 450 3229 Dicio.
495 3165 539 3228 ln
570 3164 735 3227 dicione
766 3177 803 3226 et
826 3176 1032 3246 potestate
1055 3166 1184 3232 alicuius
1210 3189 1292 3231 esse.
1317 3190 1383 3250 pro
1412 3169 1557 3250 Quinctio

231 3260 271 3337 0,
295 3260 327 3322 5.
351 3293 392 3309 -·
420 3259 464 3322 In
492 3280 559 3321 sua
588 3271 795 3341 potestate
827 3273 863 3322 et
892 3259 1050 3325 dicione
1073 3273 1196 3324 tenere.
1241 3262 1344 3326 Verr.
1375 3264 1501 3329 Arcus.
1525 3267 1556 3336 1,

232 3354 290 3430 38,
316 3354 369 3417 97.
392 3388 433 3399 -
467 3352 622 3417 Nationes
646 3374 726 3438 qliae
746 3353 785 3415 in
809 3353 1026 3417 amicitiam
1049 3356 1161 3438 populi
1187 3356 1324 3419 Romani
1344 3356 1559 3422 dicionem-

231 3469 307 3534 que
329 3458 435 3511 sunt.
479 3447 624 3514 Divinat.
649 3448 708 3522 00,
735 3448 789 3511 55.

316 3541 408 3615 Dic,
433 3542 487 3606 M.
512 3544 542 3605 T
552 3541 624 3605 ulli
646 3542 844 3621 (sententiam
863 3543 893 3606 in
911 3545 1048 3623 senatu).
1074 3541 1137 3607 Cn.
1156 3543 1315 3627 Pompeio
1335 3546 1556 3611 assentior.

233 3636 366 3700 sauri.
392 3636 489 3713 ma,
515 3637 672 3712 a-a,
701 3641 737 3713 1,
764 3640 922 3713 u-r,
949 3641 985 3715 7,
1014 3638 1172 3712 r.-9‚
1198 3639 1292 3716 aa.

318 3728 420 3795 Dico
442 3729 474 3793 in
502 3732 756 3796 incursationibus
784 3731 995 3798 instituendis.
1040 3732 1219 3798 Dicimus
1248 3731 1289 3797 C.
1317 3732 1464 3801 Ver-reru
1489 3756 1559 3821 qna·

233 3818 379 3910 draginta
404 3824 585 3889 sestertium
617 3847 656 3889 ex
687 3826 791 3890 Sicilia
820 3839 931 3891 contra
958 3827 1046 3911 leges
1075 3828 1253 3891 abstulisse.
1284 3828 1391 3892 Verr.
1423 3830 1502 3897 Act.
1529 3832 1559 3901 1,

235 3918 294 3994 18,
319 3919 372 3982 55.
402 3954 444 3966 -
473 3917 558 3984 Chio
583 3943 643 4003 per
666 3920 729 3984 vim
753 3922 844 4007 signa
867 3920 1078 4004 pulcherrima
1104 3921 1196 3986 dico
1220 3921 1391 3988 abstulisse
1418 3924 1561 3989 Verrem.

233 4014 336 4077 Verr.
360 4016 484 4078 Aecus.
507 4018 542 4091 1,
569 4016 628 4090 19,
654 4015 706 4079 49.

318 4107 510 4173 Dictator
532 4110 572 4173 ab
594 4131 633 4174 eo
657 4109 853 4192 appellatur,
878 4112 967 4195 quod
989 4108 1159 4183 dicitur;
1192 4109 1304 4174 sedin
1329 4111 1453 4177 nostris
1477 4109 1561 4176 libris

234 4198 323 4265 vides
346 4222 436 4278 etim,
471 4201 583 4277 Laeli,
619 4202 852 4287 magistrum
875 4204 1024 4287 populi
1050 4205 1216 4286 appellari.
1254 4207 1292 4266 dc
1324 4205 1415 4289 Rep.
1446 4207 1483 4284 1,
1506 4207 1559 4279 40,

235 4292 288 4357 53.
311 4329 352 4341 -
373 4294 566 4360 Dictator
588 4297 728 4361 Lanuvii
753 4309 821 4361 erat
844 4299 944 4363 Milo.
975 4319 1036 4381 pro
1065 4297 1142 4362 Mil.
1172 4302 1230 4375 10,
1255 4299 1309 4363 07.

320 4387 538 4454 Dictatura
560 4389 701 4454 funditus
720 4414 760 4455 en
776 4413 811 4457 re
830 4392 958 4475 publica
977 4393 1134 4455 sublatae
1154 4393 1207 4457 M.
1225 4392 1387 4458 Antonio.
1422 4393 1561 4478 Philipp.

237 4482 336 4557 1,1,
362 4483 394 4546 3.

319 4572 431 4641 Diem
462 4579 568 4642 darc.
615 4577 756 4644 Tulliola
778 4578 836 4641 tibi
859 4578 964 4642 diem
990 4581 1073 4643 dat:
1109 4601 1297 4663 sponsorem
1322 4581 1482 4664 appellat.
1511 4577 1560 4659 (al.

223 4687 424 4759 'sponsorem
451 4693 514 4736 non
537 4671 702 4756 appellat.)
734 4675 774 4736 ad
799 4675 871 4737 Att.
898 4675 932 4748 1,
959 4675 1016 4749 10,
1041 4675 1073 4737 5.
1107 4711 1149 4722 -
1180 4673 1295 4740 Diem
1323 4671 1560 4761 inquirendiio

236 4761 403 4847 provincia
424 4767 648 4848 postulare.
670 4768 774 4831 Verr.
798 4768 876 4833 Aet.
902 4770 937 4848 1,
963 4768 1002 4845 0,
1026 4768 1058 4832 5.
1103 4768 1301 4849 (Postulavit
1323 4769 1392 4834 dies
1412 4769 1559 4857 qoinqua-
