3202 5318
132 286 195 369 trs,
615 278 768 353 tunsx
788 276 972 357 Ludunt.

135 432 226 509 eibos
251 426 377 511 absolvi
402 438 435 509 st
461 425 515 499 rel
540 427 692 510 plumbeo
721 426 829 514 gladio
857 424 997 514 iugulari
1023 447 1142 511 posse,
1174 427 1215 513 ad
1240 396 1319 495 Ais(
1341 428 1372 495 1.
1404 429 1461 499 tt.

135 528 205 606 16„
228 525 349 611 inquo
372 523 576 605 vehementer
597 523 750 607 deeeptus
772 533 833 589 est.
868 522 953 587 Esu.

634 680 741 747 Fortu
763 678 961 747 iudiciaria.

220 782 339 893 „Lege
359 808 424 871 leue
445 803 575 881 taeenti
595 824 636 869 on
657 817 883 889 novecertus
904 815 957 871 est
978 803 1195 891 inpetisitiqut'
1215 805 1382 890 comitum
1402 828 1469 877 nu·

137 924 254 979 merus
274 899 510 983 coustitutum]
555 900 679 987 Legem
701 898 922 964 iudiciariam
946 898 1073 971 videtur
1094 899 1277 985 siguificare
1299 900 1367 985 sive
1390 903 1469 983 ιΡ.

134 997 267 1066 Vatinio
288 995 421 1071 tribuno
450 991 552 1078 plebis
577 993 645 1061 sive
673 1014 691 1057 a
717 995 761 1078 Q.
788 992 892 1073 diesen
920 995 1047 1071 θσὶιιισ
1070 1007 1224 1077 praetore
1252 999 1299 1081 tr.
1322 1018 1356 1071 u.
1380 996 1470 1076 out.)

137 1092 231 1163 latam
255 1092 328 1177 [pr.
351 1093 458 1157 lolam
480 1086 594 1173 scripsi
616 1109 678 1171 pro
697 1088 915 1173 perlatam.]:
939 1088 1122 1172 pertinebat
1144 1102 1248 1171 autem
1267 1093 1307 1155 ad
1331 1089 1469 1155 iudicum

134 1185 354 1261 reiectionem.
385 1218 427 1232 -
455 1218 496 1230 -
525 1217 565 1231 -
615 1181 722 1266 Igitur
755 1203 792 1246 es
825 1181 898 1265 lege
926 1183 1128 1265 praefinitum
1160 1185 1354 1267 videbatur,
1387 1195 1469 1275 quot

133 1302 268 1359 ntsmero
292 1279 426 1344 oomitrs
444 1279 565 1343 habere
591 1278 763 1353 deberent,
796 1275 907 1361 quiin
934 1275 1119 1359 provincias
1142 1276 1241 1353 irent,
1274 1291 1309 1344 ut
1338 1299 1468 1343 recursa·

133 1377 253 1443 tionem
266 1378 305 1450 de
318 1372 464 1457 pecuniis
476 1369 683 1455 repetundis
673 1373 893 1437 instruerent*
898 1369 1031 1444 '.Schol
1043 1372 1126 1438 Bob.
1137 1395 1199 1458 pro
1212 1375 1377 1456 Flaceop.
1389 1373 1465 1449 235.

150 1525 152 1530 .
218 1468 394 1547 Κόϊντος
429 1464 619 1573 Φούφιος
647 1467 858 1546 Kal-uuor,
888 1461 1008 1552 ἀναμὶξ
1033 1462 1164 1533 πάντων
1189 1464 1466 1561 τὰςψήφοιιςὲν

132 1569 207 1643 ταῖς
235 1566 467 1681 φιλονεικίαις,
499 1556 555 1673 (ui
583 1584 617 1626 τε
641 1584 774 1677 κρειιτιιι
800 1556 884 1648 πρὸς
910 1560 1001 1650 σιγᾶς
1031 1555 1074 1639 ὡς
1101 1557 1242 1630 ἑκάστου
1273 1563 1337 1628 τῶν
1365 1562 1466 1646 γενῶν

132 1655 273 1743 ἄγοντος
293 1663 350 1727 καὶ
371 1653 414 1723 toi
436 1647 628 1744 ἀτοπώτερα
650 1656 682 1735 ἐς
703 1655 838 1764 ἑτέρους
855 1649 1157 1742 oimudosivrocff)
1125 1653 1229 1734 orione
1255 1650 1372 1766 sipon,
1395 1656 1466 1737 ἔνο·

130 1755 302 1862 μοθέιησε
324 1750 531 1839 στρατηγῶν,
551 1753 651 1857 χωρὶς
672 1743 794 1827 αὐτοὺς
817 1742 860 1828 ὡς
880 1743 1038 1829 ἑκάστους
1058 1751 1320 1861 ψηφιζισθαι’
1314 1743 1352 1814 s'v'
1377 1749 1406 1823 ei
1417 1743 1466 1835 μὴ

132 1851 189 1915 καὶ
210 1840 279 1912 κατ’
303 1841 408 1932 ἄνδρα
430 1844 491 1934 (rvi
511 1867 624 1953 κρνηα
647 1842 738 1933 σφᾶς
760 1843 858 1909 τοῦτο
879 1844 999 1924 ποιεῖν)
1021 1838 1107 1913 ἀλλὰ
1128 1841 1171 1919 aci
1197 1869 1234 1930 γε
1260 1841 1348 1924 ἔθνη
1376 1843 1468 1925 (γένη

132 1941 259 2020 Sturo.)
281 1934 388 2021 aaron
407 1931 557 2018 ἔκδηλα
547 1928 636 2013 dume
657 1936 798 2028 φρονοίη
818 1938 974 2023 γίνοιντο.
998 1937 1077 2002 Dio.
1094 1937 1190 2023 Cass.
1205 1938 1416 2020 xxxvlu.
1432 1937 1466 2003 8.

218 2036 309 2101 Haeo
335 2035 387 2099 lex
410 2033 515 2098 adhuc
535 2032 706 2114 putabatur
728 2031 836 2110 (etiam
858 2052 876 2098 a
899 2032 1050 2097 Waltero
1075 2033 1268 2107 Gesohiolrte
1286 2034 1342 2098 des
1368 2033 1468 2096 uum.

132 2128 254 2209 Rechts
284 2128 314 2193 l.
342 2150 375 2210 p.
398 2126 489 2209 252.)
519 2127 557 2187 de
588 2124 784 2209 suffragiis
776 2147 807 2205 ιιι
832 2126 967 2193 comitiis
994 2127 1131 2193 ferendis
1166 2127 1228 2214 latp
1261 2148 1344 2193 esse.
1393 2127 1468 2195 set

135 2222 332 2287 scholiastae
360 2224 457 2284 verba
482 2222 615 2295 docent,
649 2218 743 2281 elium
767 2219 842 2283 loeo
865 2219 981 2284 Diouis
1012 2242 1138 2299 sensum
1169 2243 1239 2307 esse
1263 2220 1466 2301 tribuendum

134 2338 227 2399 quiam
256 2317 286 2379 ei
315 2315 416 2400 volgo
444 2314 611 2377 tribuitur.
667 2310 750 2377 Cum
783 2313 864 2377 euim
895 2314 1081 2378 iudiciaria
1110 2315 1151 2377 sit
1174 2317 1284 2390 Folia,
1320 2314 1466 2378 sanxisse

135 2412 281 2488 videtur,
305 2423 339 2474 ut
362 2409 478 2495 singuli
502 2408 628 2483 ordines
650 2406 808 2483 iudicum,
839 2407 862 2471 i.
886 2429 936 2483 e.,
966 2421 1146 2486 senatores,
1176 2410 1314 2492 equites,
1346 2408 1467 2472 tribuni

134 2507 266 2581 aerarii,
298 2505 430 2569 seorsim
460 2501 614 2587 suffragia
636 2501 775 2576 lerreut,
810 2513 843 2564 ut
866 2516 1056 2585 appareret,
1087 2503 1157 2587 quis
1184 2507 1268 2568 ordo
1294 2507 1384 2567 ἰιιιιιι
1409 2505 1465 2565 ab·

15 2629 18 2632 ⁴
134 2600 299 2676 solvisset,
324 2599 394 2682 ηιιίι
414 2600 602 2660 damnasset.
647 2597 744 2658 Hune
765 2608 853 2661 uerte
875 2618 994 2661 morem
1016 2597 1112 2662 luisse
1134 2597 1256 2681 aliquot
1278 2597 1368 2661 annis
1389 2607 1465 2680 post

134 2694 259 2770 Fufium
285 2704 468 2775 praetorem
495 2690 694 2771 manifestum
722 2702 770 2752 est
791 2711 832 2753 ex
860 2691 1026 2769 Asconio,
1059 2693 1167 2776 quiet
1194 2696 1233 2771 ad
1257 2692 1462 2775 Seaupianam

134 2791 179 2867 (ι.
196 2810 229 2851 ιι.
246 2788 332 2865 699.)
355 2797 388 2849 et
409 2789 449 2849 ad
463 2783 674 2861 Miloniauam
697 2784 742 2862 (a.
759 2805 792 2846 ιι.
810 2786 898 2865 201.)
921 2788 1036 2851 diserte
1052 2786 1184 2864 iudicat,
1209 2788 1464 2874 quot-cuiusque

137 2881 258 2950 ordinis
281 2880 401 2947 iudices
424 2901 500 2953 reos
527 2879 579 2944 vel
601 2878 818 2943 damnaverint
840 2881 890 2942 vel
913 2882 1124 2947 absolverint.

726 3038 867 3105 Fontes.

222 3160 342 3247 „Cedo
364 3159 440 3226 mihi
461 3162 551 3248 leges
567 3161 708 3244 Atinias,
733 3163 875 3240 Furios,
900 3162 1063 3249 [Fusias,]
1084 3163 1206 3247 ipsam,
1230 3175 1265 3229 ut
1283 3161 1369 3243 disi,
1394 3165 1466 3231 Vo-

136 3255 279 3341 coniam,
304 3278 414 3322 omnes
435 3270 602 3340 praeterea
623 3263 663 3324 de
683 3262 752 3325 iure
777 3259 881 3324 civili:
905 3261 969 3324 hoc
984 3259 1128 3342 reperies
1150 3259 1182 3326 in
1204 3261 1351 3335 omnibus
1367 3257 1465 3339 statui

135 3353 203 3432 ius,
228 3373 293 3438 quo
315 3364 390 3435 post
410 3372 478 3429 eam
501 3353 603 3441 legem
626 3357 766 3441 populus
788 3353 931 3419 utatur.''
974 3356 1076 3423 Verr.
1099 3354 1157 3419 lib.
1180 3355 1211 3427 Ι.
1236 3356 1293 3434 tt,
1318 3357 1394 3427 109.

305 3511 412 3575 Funus
434 3517 709 3582 testamentoria.

220 3632 342 3718 „Tulit
369 3637 454 3718 apud
480 3636 617 3703 maiores
645 3652 776 3706 nostros
807 3639 911 3725 legem
940 3643 980 3723 β.
1009 3639 1136 3709 turim
1164 3639 1206 3717 ds
1233 3636 1464 3712 testamentus

136 3729 207 3811 ttulit
229 3729 273 3811 Q.
301 3729 470 3811 Voconius
498 3733 536 3795 de
559 3733 724 3801 mulierum
746 3734 993 3811 hereditatibits;
1015 3734 1259 3814 innumerabiles
1278 3733 1359 3799 aliae
1374 3733 1462 3818 leges

136 3827 176 3903 de
205 3822 291 3895 civili
320 3823 389 3891 iure
417 3836 492 3905 sum
521 3826 623 3894 latae:
657 3851 734 3914 queas
762 3829 871 3909 Latini
898 3829 1087 3911 voluerunt,
1119 3828 1356 3895 adsciverunt.”
1398 3845 1462 3915 pro

135 3919 241 4001 Ballio
263 3919 300 3996 8,
325 3918 380 3985 21.

220 4013 331 4095 „Lata
361 4025 408 4077 est
434 4013 487 4078 lex
513 4017 637 4095 Porio,
672 4040 733 4104 qua
763 4018 905 4103 exceptis
934 4016 1080 4102 personis
1106 4018 1312 4104 quibusdam,
1347 4012 1465 4097 ceteris

135 4111 208 4194 plus
234 4109 305 4175 mile
328 4108 452 4173 assibus
480 4111 660 4196 legaturum
687 4115 815 4180 nomine
837 4115 991 4189 mortisve
1013 4135 1107 4179 casua
1133 4133 1249 4197 capere
1275 4110 1465 4195 permissum

135 4225 201 4273 uon
224 4201 304 4267 est.'’
349 4204 449 4269 Gaius
478 4205 528 4271 11.
561 4212 591 4284 §.
621 4207 695 4273 225.
733 4209 798 4274 lv.
821 4215 853 4286 §.
876 4208 931 4273 23.
954 4239 996 4253 -
1032 4211 1126 4284 ,Neo
1154 4229 1203 4275 me
1225 4207 1399 4293 praeterit,
1432 4204 1466 4273 in

132 4298 239 4364 forms
264 4296 346 4381 legis
368 4297 492 4363 dimine
513 4303 795 4369 testamentoriae
818 4304 911 4370 PRO
933 4302 1169 4381 IVDICATO
1192 4304 1326 4369 verboru
1352 4297 1465 4389 inseri,

135 4410 206 4455 eum
229 4391 261 4457 in
284 4393 353 4474 ipsa
376 4393 449 4478 lege
472 4415 536 4461 non
559 4397 611 4461 sit
613 4395 631 4419 ”
676 4397 775 4462 Gaius
797 4398 863 4464 lv.
886 4403 916 4478 §.
939 4398 989 4465 vt.

219 4485 379 4550 Fontis.
403 4488 528 4552 Fusus:
566 4511 636 4553 uam
664 4489 747 4554 idem
773 4514 889 4557 nomeu
916 4503 984 4570 est,
1018 4506 1050 4558 et
1072 4492 1170 4558 Furii
1191 4491 1283 4578 iidem
1308 4502 1341 4556 et
1368 4486 1467 4567 Furii

133 4588 208 4642 sunt
230 4580 394 4662 appellati.
439 4582 516 4650 Vid.
538 4583 613 4651 Liv.
636 4584 703 4653 lll.
727 4587 760 4650 t.
781 4587 916 4667 Quintil.
939 4587 968 4653 1.
989 4589 1022 4652 d.
1045 4600 1076 4668 et
1098 4589 1278 4669 Hotoman·
1301 4583 1464 4671 ididem

133 4670 165 4737 Ι.
188 4672 241 4737 te.
232 4715 261 4750 .,
287 4673 342 4739 uui
365 4675 447 4740 male
469 4676 570 4763 volgo
597 4679 708 4764 legum
732 4680 853 4760 Furios
873 4681 1009 4759 huius.
1054 4681 1126 4766 [et.
1150 4682 1260 4747 Varro
1288 4681 1329 4747 de
1351 4680 1396 4747 1..
1416 4678 1463 4745 L.

132 4763 197 4832 VI
220 4768 254 4835 3
275 4764 347 4841 lull·
373 4768 489 4849 Moliri
510 4774 550 4849 dr
573 4771 694 4863 origg·
723 4774 856 4849 Etruse·
878 4786 911 4855 et
930 4776 1009 4843 Lst.
1032 4796 1063 4843 e.
1088 4779 1141 4843 12.
1163 4774 1225 4860 Β.)
1268 4775 1320 4841 Es
1342 4782 1394 4861 est
1418 4758 1463 4853 ds
