3202 5318
86 286 89 294 Ι
134 344 196 412 391
532 340 685 408 lunssx
705 339 1056 406 FORMULARUM.

133 486 167 551 in
190 469 333 572 legibus,
357 480 672 560 senatusconsultis,
697 483 790 545 rebus
810 479 969 555 iudicatis,
991 477 1071 542 iuris
1090 476 1266 585 peritorum
1281 480 1462 545 auctorita-

135 581 237 656 tibus,
258 577 367 652 edictis
390 577 646 661 magistratuum,
670 597 778 650 more,
801 574 961 659 aequitate
975 571 1131 637 consistit
1153 573 1271 656 Topie.
1289 575 1330 648 5,
1348 573 1407 638 28.
1423 612 1459 624 -

133 672 203 737 Ιιιι
225 670 351 737 civile
373 683 420 736 est
442 669 559 733 editum
583 670 736 751 expositis
760 692 776 733 a
802 667 865 733 Cn.
889 667 1005 732 Flavio
1030 666 1167 748 primum
1194 669 1393 733 actionibus.
1425 673 1462 734 de

136 767 197 832 Or.
216 770 251 841 1,
271 767 331 840 11,
350 765 488 828 181.·-
511 764 586 828 su
578 787 609 827 ιιι
634 765 726 827 iure
749 762 868 827 crvrlt
883 761 953 825 finis
968 761 1021 823 bac
1036 759 1194 845 legitimae
1210 773 1309 846 atque
1325 762 1461 827 usitatae

135 861 167 925 in
181 864 277 924 rebus
293 859 459 944 causisque
477 870 506 921 et
519 857 633 921 civium
649 856 879 942 aequabilitatis
893 857 1109 920 conservatio.
1132 856 1171 917 de
1187 854 1249 917 Or.
1265 856 1368 933 1‚t2,
1384 856 1459 922 188.

130 989 172 1002 -
194 955 261 1020 los
289 953 412 1018 civile
441 953 483 1017 ita
511 955 662 1017 babemus
681 952 906 1027 constitutum,
936 961 972 1012 ut
992 969 1087 1013 causa
1109 948 1268 1024 cadatis,
1294 950 1350 1033 qui
1375 971 1460 1029 non,

134 1050 396 1133 quemadmodum
414 1058 565 1129 oportet
587 1045 700 1130 egerit.
722 1048 760 1109 de
777 1045 906 1118 1an
924 1045 983 1119 19,
1007 1045 1125 1107 57.-
1145 1043 1316 1109 Deiurc
1339 1046 1461 1111 civili

133 1141 253 1229 siquis
278 1142 354 1207 novi
378 1136 453 1226 quid
475 1140 628 1218 instituit,
659 1142 685 1203 is
712 1141 836 1216 omnia,
868 1161 948 1222 quae
976 1149 1048 1200 ante
1077 1149 1145 1199 aeta
1168 1150 1258 1213 stant,
1296 1151 1369 1203 rata
1393 1161 1459 1206 csse

134 1234 267 1321 patitur.
312 1237 413 1300 Verr.
438 1238 557 1300 Aecus.
582 1238 620 1310 1,
645 1237 704 1311 tt,
732 1235 806 1299 109.

118 1374 123 1388 ·
207 1327 285 1394 'Ius
308 1330 629 1398 consuetudinis.
675 1330 762 1395 Vide
785 1324 1104 1394 consuetudinis
1125 1323 1199 1389 ius.

217 1424 286 1488 lus
315 1423 476 1488 feciale.
522 1426 607 1489 Tota
632 1425 706 1488 belli
729 1423 870 1508 aequitas
898 1419 1044 1485 leciali
1070 1419 1184 1502 populi
1209 1420 1355 1486 Romani
1376 1421 1457 1488 inre

133 1517 311 1602 perscripta
334 1530 393 1582 est.
423 1521 461 1582 de
487 1519 555 1584 Off.
581 1523 617 1595 1,
643 1525 701 1594 11,
726 1519 778 1582 31.
1297 1564 1303 1572 -

220 1611 288 1675 lus
309 1612 619 1676 bereditarium.
663 1614 706 1693 Q.
728 1611 859 1676 Mucius
875 1600 1029 1673 Scaevola
1044 1607 1188 1692 negavit
1211 1607 1272 1670 nisi
1295 1623 1461 1692 postumus

135 1715 168 1769 et
187 1716 278 1767 natus
301 1716 344 1781 et,
367 1716 535 1790 antequam
558 1704 690 1769 insuam
711 1706 838 1768 tutelam
855 1704 1005 1780 venisset,
1029 1714 1172 1766 mortuus
1192 1713 1289 1778 esset,
1314 1705 1463 1770 heredes!

134 1819 205 1863 enm
231 1819 301 1863 ease
323 1820 438 1881 posse,
463 1799 517 1883 qui
543 1812 625 1862 esset
647 1801 818 1869 sectmdum
845 1810 1025 1882 postumum
1052 1809 1083 1859 et
1109 1808 1214 1858 uatum
1245 1807 1276 1859 et
1303 1812 1463 1865 mortuum

134 1893 230 1957 heres
252 1891 426 1957 institutus.
458 1894 496 1955 de
519 1893 579 1958 Or.
606 1894 641 1970 1,
667 1895 726 1968 39,
754 1894 825 1955 180.

218 1985 287 2049 Ius
310 1986 627 2069 imperatorium.
672 1990 774 2050 Verr.
800 1988 920 2051 Aecus.
945 1988 980 2061 1,
1006 1984 1063 2058 21,
1089 1985 1142 2047 57.

220 2079 531 2144 Iusiurandum.
576 2081 706 2144 Nullum
734 2081 890 2143 vinculum
916 2081 955 2143 ad
981 2079 1237 2162 adstringendam
1259 2078 1356 2144 iidem
1379 2083 1461 2148 iure

134 2171 310 2239 iurando
341 2176 478 2239 maiores
508 2175 605 2237 artius
638 2196 705 2238 esse
736 2176 916 2239 voluerunt.
968 2174 1006 2237 ld
1033 2172 1171 2235 indicant
1195 2172 1285 2257 leges
1314 2176 1348 2238 in
1378 2178 1460 2241 XII.

135 2268 274 2347 tabulis,
307 2268 446 2332 indicant
474 2281 632 2344 saeratae,
667 2269 804 2332 indicant
831 2270 978 2341 foedera,
1014 2266 1128 2351 quibus
1151 2266 1242 2328 etiam
1267 2288 1342 2330 cum
1370 2271 1460 2334 hoste

135 2362 314 2426 devincitur
343 2364 436 2443 fides,
469 2363 605 2426 indicant
631 2364 777 2429 notiones
803 2361 1153 2444 animadversionesque
1181 2382 1376 2439 censorum,
1410 2364 1460 2448 qui

135 2457 221 2523 nulla
244 2460 282 2522 de
304 2480 340 2522 re
363 2457 546 2542 diligentius
569 2479 662 2541 quam
692 2461 736 2521 de
764 2459 852 2522 iure
878 2458 1048 2521 iurando
1075 2454 1264 2518 iudicabant.
1303 2458 1343 2520 de
1366 2457 1457 2525 offic.

135 2551 175 2629 3,
199 2551 259 2628 31,
289 2554 362 2615 111.

221 2644 290 2708 Ius
313 2646 505 2710 luminum.
544 2649 581 2710 de
605 2647 665 2711 Or.
692 2652 726 2722 1,
751 2649 809 2723 39,
836 2648 908 2711 179.
954 2645 1143 2710 Bucculeius
1167 2646 1197 2707 ia
1226 2646 1388 2731 mancipio
1410 2648 1460 2711 lu-

136 2738 258 2814 mina,
283 2739 328 2802 uti
351 2752 414 2803 tum
439 2754 562 2819 essent,
586 2741 718 2823 recepit.
763 2743 845 2805 lbid.

221 2832 288 2896 Ius
318 2845 499 2897 naturae.
534 2838 572 2898 de
595 2837 667 2899 lnv.
693 2836 730 2910 2,
756 2837 813 2909 21,
838 2837 891 2899 17.
925 2870 967 2882 -
1000 2837 1150 2897 Νι1ιιιιι
1180 2833 1240 2897 ius
1271 2847 1341 2910 est,
1377 2836 1461 2920 quod

136 2947 199 2990 non
223 2925 332 3007 opinio
353 2930 472 3011 genuit,
496 2932 552 2992 sed
568 2933 718 3013 quaedam
735 2929 839 2992 innata
859 2931 907 2993 vis
925 2929 1068 3001 inseruit
1094 2941 1126 2990 ut
1142 2927 1346 3011 religionem
1365 2932 1462 3014 pieta-

136 3032 210 3094 tem,
227 3021 371 3104 gratiam,
390 3021 645 3098 vindicationem,
661 3025 909 3099 observantiam,
929 3023 1108 3087 veritatem.
1127 3023 1247 3089 delnv.
1266 3023 1299 3099 2,
1318 3024 1372 3100 53
1391 3025 1460 3086 111.

220 3114 288 3177 Ius
321 3116 535 3197 parietum,
567 3139 765 3201 aquarum.
800 3121 838 3180 de
861 3119 1029 3202 begga
1057 3120 1265 3193 19,17.-
1306 3117 1460 3182 Omnibus

138 3220 187 3273 est
214 3201 263 3271 ius
288 3211 439 3291 parietem
470 3210 620 3274 directum
645 3216 682 3275 ad
707 3215 858 3320 parietem
883 3235 1077 3274 communem
1105 3211 1280 3292 adiungere
1308 3213 1359 3275 vel
1386 3209 1461 3278 soli·

136 3305 208 3364 dum
244 3305 293 3364 vel
323 3305 527 3367 fornicatum.
572 3307 636 3368 Sed
665 3308 718 3392 qui
745 3307 775 3368 in
803 3307 924 3388 pariete
951 3305 1108 3368 communi
1132 3304 1334 3369 demoliendo
1358 3304 1460 3368 damni

135 3396 245 3459 infecti
276 3399 478 3504 promiserit,
514 3420 577 3462 non
607 3401 734 3463 debebit
761 3414 942 3507 praestare,
978 3402 1064 3483 quod
1096 3399 1206 3462 fornix
1236 3399 1307 3461 vitii
1333 3399 1458 3464 lecerit.

136 3490 213 3554 Non
241 3490 320 3553 enim
350 3493 415 3555 eius
439 3493 567 3574 parietis
593 3495 689 3570 vitio,
722 3495 774 3577 qui
798 3494 966 3558 demolitus
989 3506 1055 3568 est,
1088 3497 1231 3554 damnum
1255 3493 1379 3556 factuam
1403 3505 1456 3567 est,

136 3583 240 3648 sed
213 3606 279 3648 etus
303 3586 410 3669 operis
432 3589 525 3666 vitio,
552 3593 637 3674 quod
659 3589 703 3652 ita
726 3589 923 3653 aedificatum
945 3598 1010 3663 est,
1035 3598 1071 3649 ut
1088 3584 1237 3668 suspendi
1253 3607 1320 3650 non
1339 3599 1454 3671 posset.

137 3679 257 3761 Topic.
283 3682 320 3756 1,
346 3681 398 3744 22.

220 3774 286 3837 Ius
308 3777 569 3858 pontificium
596 3800 688 3842 nemo
716 3778 819 3841 discit.
852 3780 889 3840 de
914 3776 975 3840 Or.
999 3777 1037 3850 3,
1063 3775 1119 3849 33,
1146 3774 1283 3836 136.—
1308 3778 1364 3840 Ex
1390 3778 1459 3842 Ser.

136 3867 278 3950 Sulpicio
307 3870 436 3936 Ruso
428 3895 486 3936 tus
517 3887 658 3937 nostrum
689 3873 965 3955 pontificium,
1001 3893 1062 3956 qua
1092 3892 1132 3933 ex
1161 3881 1252 3950 parte
1284 3892 1358 3934 cum
1395 3872 1460 3936 iure

135 3960 220 4024 civili
243 3965 442 4028 coniunctum
466 3979 566 4044 esset,
590 3971 736 4032 volebam
761 3989 972 4052 cognoscere.
1018 3965 1112 4027 Brut.
1136 3964 1194 4039 12,
1221 3964 1296 4029 151.

220 4056 288 4121 lus
310 4062 574 4140 praetorium.
621 4065 719 4125 Verr.
748 4065 930 4136 Accns.1,
956 4061 1015 4135 11,
1042 4060 1115 4122 111.

220 4152 285 4215 lus
308 4155 525 4234 privatum.
570 4157 713 4222 Divinat.
741 4159 777 4232 5,
805 4157 856 4218 18.

221 4246 290 4309 lus
313 4261 522 4330 ratumque
546 4264 631 4314 esto
655 4253 710 4326 id,
737 4255 842 4336 quod
865 4271 1000 4312 eorum
1023 4247 1193 4310 iudicum
1217 4249 1348 4314 maior
1370 4272 1461 4335 pars

135 4336 351 4403 iudicarit.
387 4347 427 4407 ad
449 4346 540 4408 Fam.
565 4346 602 4421 8,
627 4346 665 4418 8,
692 4346 722 4408 3.

220 4433 287 4494 lus
312 4435 454 4518 stirpis
478 4459 521 4501 ac
543 4439 806 4545 gentilitatis.
840 4441 878 4500 de
903 4437 961 4502 Or.
987 4441 1021 4510 1,
1046 4437 1103 4511 39,
1130 4436 1202 4498 171.

219 4525 288 4589 Ius
310 4550 510 4595 summum.
542 4536 693 4596 Summo
718 4535 808 4597 iure
831 4531 1027 4615 experiri,
1053 4534 1139 4614 quod
1155 4529 1186 4592 in
1204 4532 1461 4596 controversiam

135 4615 233 4679 venit.
268 4641 327 4700 pro
353 4623 502 4700 Quinctio
527 4631 585 4702 11,
610 4629 662 4691 38.

221 4713 331 4775 1ιιι1ι
355 4716 508 4782 lacere.
535 4723 607 4783 Non
626 4733 822 4786 mortuorum
847 4733 917 4785 ante
932 4720 1134 4812 sepulchrum
1151 4730 1214 4796 est,
1233 4741 1330 4794 quam
1349 4719 1460 4789 iusta

134 4803 348 4882 factasunt.
384 4815 420 4880 de
445 4815 552 4904 Legg.
577 4816 614 4894 2,
638 4794 696 4892 22,
721 4818 773 4885 57
