3202 5318
144 238 205 346 uo
465 216 470 237 ¹
624 280 775 349 monn
796 279 975 347 nauum,

141 444 227 488 nare
244 436 378 507 potest,
401 422 485 508 quid
504 420 578 486 vitii
598 419 636 484 in
656 419 820 502 auspiciis
830 417 1005 510 futurum
1025 417 1091 494 sit,
1115 418 1184 481 nisi
1203 419 1282 503 quis
1302 420 1345 484 de
1366 425 1463 486 caelo

28 545 34 549 ·
141 531 279 596 seruare
300 516 502 582 constituit?
523 517 606 579 Nam
628 512 682 598 qui
704 515 767 576 hoc
783 512 946 577 constituit
961 532 1000 575 eo
1021 511 1125 575 animo
1141 511 1236 588 facit,
1261 524 1296 576 ut
1312 513 1463 595 impediat

138 611 289 697 comitia,
314 613 395 673 trude
416 608 517 672 iacilis
540 607 704 670 divinatio.
750 605 849 670 ConI.
873 627 934 686 pro
960 608 1057 669 domo
1079 626 1107 670 c.
1134 607 1186 668 15.
1231 607 1323 668 Haec
1342 607 1464 670 confir·

144 716 268 766 martur
289 704 425 788 egregio
445 703 519 766 loco
535 699 649 765 Dionis
673 698 777 763 Cassii
798 699 855 762 lib.
877 699 1087 762 XXXVIII.
1111 719 1140 760 c.
1165 700 1217 762 13.
1242 722 1274 781 p.
1297 700 1350 763 66.
1376 713 1461 763 extr.

141 799 205 873 (ed.
229 797 370 861 Reimar.
393 820 427 879 p.
453 797 525 857 160.
552 794 635 871 init.)
658 795 696 855 de
718 794 822 876 legea
847 791 965 856 Clodio
988 792 1068 866 lata,
1093 813 1156 876 qua
1178 793 1301 856 solutus
1324 805 1373 855 est
1390 794 1462 876 lege

143 889 249 954 Aelia.
294 891 405 954 Porro
434 910 571 952 servare
600 888 642 949 de
670 889 765 948 caelo
787 897 834 947 est
859 887 1098 969 magistratuum
1123 897 1173 961 et,
1208 887 1234 948 si
1261 885 1462 968 magistratus

140 983 266 1056 iubeat,
301 1004 473 1065 augurum:
506 984 588 1043 unde
614 980 693 1041 male
717 978 860 1042 nonnulli
889 979 1023 1061 primum
1053 991 1148 1060 caput
1174 978 1255 1062 legis
1280 978 1395 1042 Aeliae
1417 979 1463 1041 sic

140 1075 341 1158 concipiunt,
365 1086 404 1138 ut
424 1095 578 1158 augures
600 1072 641 1135 de
661 1075 757 1134 caelo
777 1085 967 1136 seruarent.
1012 1076 1121 1156 Itaque
1143 1084 1174 1135 et
1190 1073 1338 1135 tribunus
1358 1075 1464 1155 plebis

145 1170 269 1232 Sestius
295 1171 333 1231 de
358 1169 447 1248 caelo
469 1186 614 1229 servasse
640 1165 792 1239 traditur,
825 1186 889 1247 pro
919 1168 1002 1229 Sest.
1024 1188 1053 1228 c.
1077 1166 1131 1228 36.
1176 1167 1328 1249 Augures
1357 1188 1462 1251 porro

141 1263 302 1326 nuntiare
324 1261 434 1324 vitium
459 1258 669 1341 auspiciorum
692 1272 827 1340 possunt
848 1259 1061 1343 magistratui,
1085 1261 1222 1323 sednon
1242 1262 1459 1338 obnuntiare,

140 1357 181 1421 lu·
199 1378 230 1419 e.
254 1355 365 1418 dicere
388 1354 503 1418 ALIO
526 1353 629 1417 DIE:
669 1354 731 1416 hoc
755 1363 804 1414 est
828 1353 1067 1437 magistratibus
1093 1353 1273 1435 proprium.
1317 1355 1463 1440 Philipp.

139 1448 189 1513 11.
212 1449 287 1513 323³

221 1543 385 1605 Hactenus
408 1539 552 1603 Ernesti.
597 1540 663 1602 Iam
693 1539 784 1602 locos
807 1538 974 1604 Ciceronis
1003 1542 1042 1601 de
1071 1540 1143 1621 lege
1166 1541 1256 1604 Aelia
1280 1541 1462 1625 diligentius

140 1637 364 1717 expendemus.
417 1634 486 1698 Pro
517 1632 622 1696 Sestio
653 1655 681 1696 c.
711 1634 769 1695 15:
803 1633 931 1698 Iisdem
958 1634 1156 1696 consulibus
1191 1665 1230 1676 —
1263 1634 1461 1698 uniuersam

140 1750 213 1791 rem
233 1727 406 1811 publicam
427 1748 500 1789 esse
520 1727 673 1791 deletam.
718 1727 769 1790 De
790 1726 939 1809 provinc.
963 1748 1051 1790 cous.
1073 1749 1104 1788 c.
1129 1727 1186 1789 19:
1210 1730 1305 1792 Num
1327 1730 1359 1792 si
1376 1731 1463 1792 ittam

137 1821 214 1884 iura
235 1831 398 1904 rogatum
420 1822 450 1900 (a
467 1819 583 1884 Clodio
606 1823 643 1882 de
658 1817 895 1901 proscriptione
912 1823 991 1896 mea)
1014 1821 1125 1883 dicere
1145 1821 1225 1882 aussi
1246 1834 1344 1894 sunt,
1369 1823 1462 1906 prend

137 1919 231 1979 nullo
257 1917 416 1997 exemplo
444 1914 523 1980 fieri
541 1917 673 1996 potuit,
707 1914 802 1979 nulla
830 1914 903 1994 lege
929 1914 1041 1988 licuit,
1074 1915 1154 1997 quia
1175 1936 1275 1977 nemo
1298 1915 1339 1977 de
1365 1919 1460 1978 caelo

136 2020 309 2073 scammata
341 2008 481 2072 oblitine
500 2019 615 2081 erant,
651 2018 724 2069 tum
744 2028 822 2068 cuna
844 2007 916 2080 ille,
940 2007 999 2090 pari
1018 2005 1056 2068 id
1074 2020 1210 2091 egerat,
1231 2008 1387 2091 plebeius
1407 2020 1458 2071 est

98 2122 102 2129 ’
136 2104 211 2185 Iege
239 2101 375 2164 curiata
383 2099 532 2192 faetus,
556 2100 624 2163 dici
644 2100 684 2162 de
712 2102 806 2163 caelo
828 2123 901 2162 esse
923 2113 1096 2163 servatum
1118 2105 1243 2183 (nempe
1265 2100 1478 2179 a‚Bibulo),·„

136 2195 196 2277 qui
216 2194 248 2256 ai
263 2195 418 2277 plebeius
439 2194 578 2257 omnino
599 2215 673 2256 esse
695 2214 763 2255 non
780 2194 914 2277 potuit,
947 2195 1008 2278 qui
1031 2195 1190 2258 tribunus
1216 2195 1325 2276 plebis
1343 2196 1460 2277 potuit

137 2289 237 2351 esse?
269 2299 303 2353 et
322 2289 420 2352 cuius
440 2288 636 2351 tribunatus
658 2287 686 2353 si
708 2299 806 2350 ratus
828 2299 898 2360 est,
930 2288 1016 2349 nihil
1037 2300 1105 2360 est,
1136 2288 1229 2371 quod
1249 2288 1391 2351 irritum
1411 2310 1459 2353 aar

137 2382 224 2445 actia
249 2383 408 2447 Caesaris
428 2382 540 2464 possit
567 2403 657 2457 esse,
692 2381 765 2443 eius
794 2402 861 2443 non
889 2383 1000 2443 solum
1028 2381 1223 2445 tribunatus
1249 2393 1366 2456 ratus,
1399 2382 1460 2445 aed

136 2476 241 2539 etiam
258 2475 573 2559 perniciosissimae
595 2496 666 2551 res,
688 2473 923 2555 auspiciorum
944 2474 1111 2556 religione
1133 2488 1353 2549 conseruata,
1383 2476 1460 2541 itm

137 2569 251 2632 latae?
293 2572 410 2652 Quare
438 2581 500 2632 aut
526 2568 621 2632 vobis
655 2567 875 2631 statuendum
903 2579 972 2641 est,
1008 2567 1109 2650 legem
1139 2569 1262 2631 Aeliam
1299 2592 1456 2641 manere,

136 2663 241 2746 legem
273 2663 396 2727 Foliam
425 2683 494 2727 non
522 2683 596 2725 esse
616 2661 823 2744 abrogatam
850 2673 912 2723 cet.
957 2663 1009 2724 Ex
1034 2664 1158 2724 duobus
1181 2662 1230 2724 his
1255 2662 1334 2725 locis
1360 2663 1459 2725 mani·

137 2755 253 2818 festum
276 2766 326 2820 est
347 2756 450 2840 legem
474 2755 597 2818 Aeliam
625 2767 657 2817 et
678 2755 781 2837 legem
809 2754 931 2817 Fufiam
957 2754 1098 2844 diversas
1121 2756 1207 2839 leges
1227 2756 1346 2832 luisse,
1378 2757 1456 2821 alte·

135 2869 204 2910 rain
225 2852 265 2911 ab
290 2847 401 2924 Aelio,
424 2849 553 2910 alteram
577 2869 594 2907 a
618 2847 711 2910 Fufio
735 2848 840 2909 latam.
884 2850 1029 2910 Scuiirz.

221 2943 322 3005 Duas
349 2943 442 3026 leges
469 2941 567 3002 fuisse
596 2940 720 3003 Aeliam
749 2953 779 3002 et
803 2941 923 3003 Fullam
948 2964 1040 3004 nemo
1063 2954 1205 3004 veterum
1229 2942 1377 3006 disertius
1401 2946 1457 3007 de·

136 3033 269 3097 claravit
297 3055 389 3118 quam
419 3044 530 3097 aiictor
553 3034 707 3097 orationis
730 3036 767 3097 de
791 3035 990 3114 haruspicum
1012 3036 1174 3116 responsis
1197 3036 1270 3099 loco
1293 3058 1391 3118 supra
1413 3039 1458 3100 al-

135 3127 212 3191 lato.
257 3127 376 3190 Tamen
394 3129 536 3212 equidem
554 3130 631 3189 duas
646 3125 742 3189 luisse
764 3148 825 3208 pro
848 3141 939 3190 certo
962 3128 1115 3191 affirmare
1137 3151 1199 3191 non
1220 3128 1331 3191 ausim.
1377 3130 1458 3195 Sient

137 3219 219 3281 cuim
241 3219 304 3283 loci
325 3221 467 3304 quidam,
498 3220 683 3303 inquibus,
715 3220 774 3282 nisi
797 3234 906 3284 contra
928 3223 1053 3285 codices
1076 3233 1251 3297 mittantur,
1284 3235 1315 3285 ct
1337 3222 1456 3289 Cicero

138 3324 169 3375 et
197 3313 359 3377 Asconius
388 3317 426 3378 de
456 3314 550 3377 Aelia
577 3325 607 3376 et
633 3313 724 3376 Fufia
750 3315 917 3378 manifesto
947 3329 982 3377 nt
1011 3319 1049 3378 de
1072 3338 1133 3379 tina
1164 3317 1234 3401 lege
1265 3316 1454 3401 loquuntur.

136 3408 174 3470 In
201 3407 269 3470 aliIs
291 3409 371 3471 locis
395 3420 498 3472 utrum
526 3429 588 3471 una
614 3407 664 3469 vel
693 3411 774 3471 dirae
800 3409 886 3492 leges
909 3408 1141 3494 intelligendae
1158 3411 1218 3472 sint
1241 3411 1370 3474 dubium
1393 3423 1453 3473 est.

135 3501 198 3565 Ubi
221 3500 356 3584 denique
381 3502 505 3565 Tullius
529 3502 891 3577 (Pseudo-Ciceronem
909 3524 971 3566 uon
990 3504 1089 3587 magis
1111 3525 1222 3567 moror
1237 3525 1330 3585 quiana
1353 3506 1455 3569 Scho-

135 3595 256 3657 liastam
279 3595 483 3671 Bohiensem)
516 3616 630 3658 revera
659 3596 772 3658 Aeliae
800 3608 831 3657 et
858 3597 968 3660 Fufiae
998 3609 1153 3681 tamquam
1187 3594 1317 3659 duarum
1349 3598 1468 3691 legum'·

135 3690 325 3753 mentionem
346 3689 441 3766 lecit,
465 3690 496 3751 id
517 3691 607 3752 ctiam
637 3690 777 3752 oratorie
804 3691 910 3752 Iacere
932 3691 1051 3773 potuit,
1076 3713 1144 3755 cum
1166 3691 1352 3772 praesertim
1376 3712 1453 3756 coa·

134 3795 221 3847 stans
250 3804 318 3847 mos
344 3785 410 3846 eius
439 3784 527 3868 leges
551 3806 567 3845 a
591 3785 715 3846 duobus
738 3783 871 3866 collegis
893 3784 971 3846 latas
994 3798 1151 3869 tamquam
1174 3788 1250 3847 duas
1272 3785 1377 3848 addita
1398 3806 1456 3848 co·

133 3877 208 3959 pula
230 3877 383 3941 efferendi
405 3879 565 3954 (Caecilia
586 3889 624 3941 et
638 3878 765 3952 Didia,
789 3878 902 3941 Gellia
921 3891 962 3941 et
983 3878 1279 3953 Cornelia,1unia
1301 3891 1339 3942 et
1361 3878 1454 3943 Lici·

134 3972 211 4047 nia,
235 3969 371 4036 Licinia
391 3983 431 4034 et
452 3973 592 4046 Mucia,
617 3972 781 4037 Terentia
801 3982 838 4034 et
859 3972 993 4051 Cassia)
1009 3973 1100 4035 lacile
1117 3993 1279 4034 arimenum
1297 3973 1452 4054 pluralem

134 4076 275 4145 pareret.
320 4065 417 4145 Quod
440 4077 542 4128 autem
567 4063 684 4129 Cicero
706 4064 755 4126 bis
777 4066 878 4149 legem
900 4067 1049 4141 Aeliam,
1072 4067 1167 4129 semel
1188 4068 1290 4148 legem
1313 4065 1454 4145 Fufiam

133 4157 304 4240 separatim
329 4179 392 4222 uno
420 4159 544 4222 noriiine
567 4159 792 4240 appellaverit,
815 4180 853 4220 ne
876 4159 906 4221 id
927 4160 1051 4242 quidem
1075 4159 1327 4222 controversiam
1345 4170 1454 4241 potest

133 4253 300 4327 dirimere,
324 4274 394 4315 cum
418 4274 481 4317 non
504 4273 579 4316 raro
601 4274 660 4315 rina
682 4253 733 4314 lex
755 4273 776 4314 a
801 4255 925 4316 duobus
944 4254 1077 4337 collegis
1099 4254 1161 4315 lata
1184 4274 1224 4314 ex
1246 4274 1312 4317 iano
1329 4263 1453 4317 tantum

134 4356 264 4408 auctore
291 4345 488 4421 nominetur,
523 4357 558 4407 ut
585 4367 638 4421 ea,
674 4367 766 4429 quam
794 4347 939 4409 consules
963 4347 1119 4431 Tarpeius
1141 4359 1173 4410 et
1195 4345 1349 4410 Aternius
1371 4346 1455 4410 tule-

133 4449 224 4514 runt,
249 4441 344 4502 modo
372 4441 536 4523 Tarpeia,
562 4443 657 4504 modo
675 4441 837 4518 Aternia,
863 4453 894 4505 et
916 4463 970 4518 ea,
995 4462 1087 4526 quam
1103 4440 1349 4523 promulgarunt
1363 4440 1455 4505 Lici-

135 4528 203 4590 nius
226 4542 257 4593 et
279 4533 405 4595 Sextius
427 4534 545 4597 tribuni
566 4535 687 4615 plebis,
722 4535 909 4618 plerumque
930 4535 1114 4618 simpliciter
1137 4534 1273 4599 Licinia
1293 4533 1453 4616 appellata

134 4633 194 4684 est.
237 4623 399 4707 Quidquid
428 4640 529 4690 autem
560 4630 598 4691 de
627 4650 663 4691 ca
685 4641 913 4704 restituatur,
945 4628 977 4691 in
1000 4630 1062 4692 hoc
1086 4630 1194 4693 saltem
1217 4628 1291 4691 mihi
1313 4627 1450 4703 indulsi,

134 4728 166 4779 nt
196 4736 303 4779 omaus
331 4718 437 4795 locos,
469 4720 503 4783 in
531 4722 644 4804 quibus
668 4723 780 4788 Aeliae
809 4736 839 4786 et
862 4722 970 4787 Fufiae
993 4723 1046 4787 vel
1069 4723 1257 4788 coniunctim
1282 4721 1334 4785 vel
1357 4741 1451 4803 sepa-
