3202 5318
638 328 704 397 nn
725 288 986 401 iscoulnu.
1363 320 1367 327 '
1408 334 1470 405 su

145 491 228 553 nem,
242 469 403 537 Venetus
422 468 495 535 enni
516 470 618 549 1177,
641 471 731 535 onius
751 472 930 554 exemplum
948 474 1105 555 quondam
1127 495 1145 538 a
1165 496 1288 542 summo
1305 477 1380 545 viro
1402 481 1469 551 Pe·

146 565 275 633 rieooio
296 576 484 643 tractatum,
518 577 550 628 et
578 564 662 631 notio
683 566 786 630 MSS.
808 565 1015 645 illustratum,
1048 579 1198 633 servatur
1218 569 1249 632 in
1273 573 1468 641 bibliotheca

142 660 307 753 Lepino
329 658 464 723 Bstars.
508 660 554 722 Et
582 657 715 723 vidimus
736 679 804 722 eam
829 679 900 722 esee
919 658 1002 723 inter
1019 672 1163 726 nostrum
1185 662 1328 728 codicem
1345 666 1379 729 'et
1400 669 1468 733 edi·

140 756 262 825 tionem
276 753 417 837 ,prims'tn
436 751 686 828 similitudinem,
709 738 812 837 qussiis
832 752 1013 834 exspectari
1034 765 1162 837 poteret
1183 779 1201 819 a
1220 761 1378 825 communi
1400 763 1469 829 ori.

140 849 236 937 gine,
273 845 396 937 qnippe
428 868 468 909 ex
496 868 560 912 uno
586 847 644 911 iiio
672 847 784 912 codice
810 846 1064 927 Son-Gelieusi,
1101 870 1119 913 a
1148 851 1281 937 Poggio
1310 860 1470 940 quoudsns

136 953 290 1029 repertp,
315 944 422 1021 ducta.
466 940 504 1005 ln
525 962 578 1004 ess
599 953 702 1005 tamen
721 939 877 1004 interdum
901 939 1129 1025 discrepantia
1150 944 1334 1025 incidimus',
1357 952 1470 1036 quales

136 1061 203 1107 non
235 1036 383 1103 ridentur
411 1034 518 1100 locum
547 1035 666 1100 habere
699 1034 860 1116 potuisse,
895 1043 922 1106 si
954 1055 985 1108 et
1012 1042 1117 1105 codex
1145 1051 1177 1103 et
1211 1042 1263 1105 ed.
1295 1041 1397 1123 prime
1426 1067 1469 1110 ex

136 1135 252 1200 eodem
274 1130 487 1215 apographo,
510 1128 635 1215 Poggii
658 1128 877 1213 manufacto,
899 1134 987 1199 ducti
1001 1145 1124 1209 essent;
1147 1135 1203 1199 sed
1217 1135 1326 1219 quisles
1340 1149 1469 1206 exstare

138 1230 319 1295 debuerunt
341 1223 403 1289 aiio
425 1221 624 1305 descriptore
645 1222 709 1287 alio
731 1222 855 1288 felicius
872 1229 992 1294 veteris
1007 1227 1132 1313 situque
1148 1227 1329 1312 consumpti
1347 1232 1468 1301 codicis
1557 1308 1560 1313 .

138 1321 331 1405 scripturam
352 1316 614 1399 interpretante?

226 1413 372 1499 Denique
399 1414 462 1476 hoc
487 1411 561 1494 ipso
583 1432 666 1476 snno
696 1410 805 1479 Frid.
834 1418 856 1483 J
864 1417 1059 1483 acobeins
1086 1416 1254 1501 (Beitriige
1281 1438 1343 1482 zur
1364 1422 1467 1490 initero

141 1511 322 1578 Litterstur
341 1511 421 1572 oden
442 1505 777 1591 Merkwiirdigkeiten
801 1510 860 1574 der
882 1512 1045 1597 Herzogi.
1068 1512 1191 1577 offenti.
1214 1510 1400 1581 Bibliothek
1426 1541 1468 1584 zu

143 1605 264 1672 Gotho.
304 1601 428 1669 Drittes
447 1601 541 1666 fleu.
559 1621 638 1686 pag.
661 1600 722 1662 207
744 1607 832 1687 sqq.)
854 1605 994 1669 codicem
1016 1606 1150 1671 Asconii
1173 1609 1355 1675 Gothsnnm
1373 1610 1468 1679 Mne.

141 1701 193 1766 11.
216 1719 271 1764 no.
295 1698 368 1762 118.
392 1694 585 1779 descriptum
611 1694 641 1757 in
664 1694 750 1758 Seu.
774 1696 822 1761 V.
845 1700 884 1762 de
908 1699 1129 1785 scriptoribus
1153 1704 1313 1787 profanis.
1337 1729 1392 1773 no.
1416 1708 1470 1776 27.

140 1819 176 1880 p.
200 1795 276 1863 211.
297 1790 495 1875 compererit
514 1793 556 1853 sd
574 1801 715 1853 nostram
739 1789 930 1870 editionem,
954 1805 986 1858 et
1009 1817 1051 1859 ex
1069 1801 1303 1864 commentariis
1319 1804 1356 1864 sd
1372 1802 1469 1868 Piso·

138 1889 263 1954 nisnsm
286 1897 319 1951 ct
345 1885 547 1949 Scauriansm
566 1903 692 1955 omnes,
714 1904 755 1946 ex
774 1889 1003 1953 commentario
1018 1889 1050 1953 in
1065 1892 1242 1957 orationem
1263 1917 1325 1976 pro
1343 1895 1468 1963 Milone

137 1987 187 2066 (p.
212 1981 381 2058 31-12.)
404 1989 594 2044 cantantum
616 1975 1068 2067 lectiones—commemoravit,
1092 2007 1173 2069 quae
1189 1987 1349 2073 §othonis
1371 2011 1469 2052 mem·

136 2077 247 2143 branis
271 2075 424 2159 propriae
451 2094 554 2157 neque
578 2073 638 2134 iam
661 2090 701 2131 ex
722 2072 774 2135 ed.
797 2075 903 2157 princ.
926 2098 1030 2163 neque
1056 2100 1097 2142 ex
1118 2080 1187 2144 siiis
1208 2080 1238 2144 in
1259 2094 1369 2147 nostru
1391 2083 1467 2148 edit.

135 2171 295 2236 indicatae
316 2179 402 2233 stunt.
445 2168 571 2233 Deinde
592 2190 674 2252 qnae
696 2160 778 2229 liber
801 2169 970 2235 Gothanns
988 2183 1155 2254 praeterea
1173 2176 1304 2254 hebeat,
1328 2177 1376 2241 his
1397 2201 1467 2244 ver·

138 2267 189 2330 bis
210 2265 380 2330 indicarit:

227 2358 397 2441 „Primum
422 2357 568 2443 seqnitur
595 2379 629 2440 p.
660 2358 714 2423 13.
742 2359 921 2451 enarratio
942 2358 1143 2425 Milonianae
1166 2382 1267 2446 usque
1291 2366 1331 2427 ed
1357 2386 1391 2446 p.
1415 2369 1468 2433 57.

138 2454 213 2521 ubi:
236 2456 280 2539 Q.
302 2453 445 2518 Asconii
463 2453 607 2518 Pediani
627 2452 748 2537 incipit
768 2476 838 2537 pro
857 2455 1019 2518 Cornelio
1037 2456 1078 2518 de
1101 2457 1300 2521 Maiestate.
1345 2460 1387 2523 P.
1411 2462 1466 2525 81.

137 2554 181 2619 In
210 2559 332 2613 senatu
363 2548 398 2610 in
427 2560 512 2630 toga
538 2547 687 2610 condida
716 2558 839 2610 contra
867 2549 906 2611 0.
938 2548 1129 2612 Antoniam
1148 2561 1182 2612 et
1208 2552 1250 2614 L.
1281 2554 1467 2621 Catilinam

137 2643 399 2729 competitores.
436 2643 478 2706 P.
509 2641 563 2705 91.
606 2640 861 2724 Argumentum
885 2641 1119 2710 divinationis.
1163 2644 1206 2707 P.
1231 2644 1304 2710 123.
1348 2650 1468 2714 Verri·
1543 2708 1547 2715 .

138 2759 267 2803 narum
284 2735 372 2800 tiber
390 2737 522 2820 primns
537 2733 635 2812 finit.
659 2734 778 2818 incipit
799 2739 849 2802 11.
894 2735 936 2801 Ρ.
962 2738 1034 2801 160.
1078 2739 1335 2822 Argumentum
1355 2744 1467 2807 Accu·

137 2831 282 2899 sationis
303 2830 405 2909 (nitito
434 2829 496 2893 aiio
522 2826 616 2892 titulo
637 2826 772 2908 addito).
817 2831 860 2894 P.
884 2832 957 2894 160.
986 2831 1018 2893 in
1043 2831 1118 2895 loco
1144 2834 1183 2896 de
1205 2835 1468 2915 comperendine-

137 2929 226 2989 tione
247 2928 294 3009 (p.
318 2925 391 2987 161.
416 2924 518 3002 Bait.)
539 2934 614 3006 post
635 2923 752 2985 verbs:
772 2944 837 3006 per
859 2925 1005 2987 indicem
1027 2947 1100 2989 rem
1119 2928 1355 3009 exponebant.-
1376 2931 1468 3016 quod

136 3020 250 3104 ipsum
269 3018 447 3081 dicebatur
469 3018 527 3095 (sic
548 3039 609 3099 pro
631 3016 796 3100 dabatrn)
817 3018 922 3080 etstitn
938 3019 1101 3103 seqtsitnrz
1123 3042 1211 3105 quae
1226 3035 1348 3087 contra
1365 3035 1467 3089 testa·

133 3114 222 3178 toris
247 3115 455 3176 uoluntatem
466 3111 579 3205 sacta
600 3145 641 3156 -
663 3131 745 3193 quae
767 3113 865 3173 rerba
887 3113 978 3177 ducta
1003 3128 1160 3196 exparte
1186 3127 1347 3198 postrema
1372 3124 1462 3204 (pag.

135 3208 216 3283 209,
241 3204 295 3270 20.
320 3205 422 3285 Bait.)
440 3205 535 3268 'huius
559 3203 793 3278 cominentarii3
817 3205 888 3268 inde
911 3208 1098 3288 proceditur
1115 3231 1217 3294 iisque
1238 3212 1277 3271 ad
1300 3213 1397 3274 verbs
1419 3218 1465 3295 (p.

135 3302 218 3376 213,
243 3301 296 3363 20.
321 3300 421 3380 Bait.)
443 3294 595 3365 insaniae
619 3320 703 3368 none
726 3299 786 3365 sed
806 3312 949 3382 propter
973 3347 982 3366 .
1006 3346 1015 3365 .
1042 3347 1051 3365 .
1077 3345 1086 3364 .
1111 3323 1192 3385 quoe
1214 3305 1307 3367 finem
1330 3298 1463 3371 faciunt:

136 3401 222 3460 'l'um
247 3417 280 3478 p.
305 3395 427 3460 16116]
455 3396 588 3456 metubr.
615 3407 793 3482 sequuntur
816 3398 933 3457 verbe:
967 3397 1062 3460 Haec
1083 3408 1235 3480 estpars
1264 3402 1307 3483 Q·
1334 3402 1379 3463 A.
1405 3423 1465 3482 pe·

136 3488 236 3552 aiant
260 3510 345 3551 cura
371 3500 404 3551 et
426 3488 608 3572 diligentia
630 3491 757 3576 Poggii
768 3488 963 3583 florentini
990 3490 1056 3554 uiri
1078 3492 1305 3558 litteratissimi
1325 3506 1464 3576 reperta

135 3596 202 3647 etc.
225 3581 306 3662 (vid.
331 3583 483 3667 Beitriige
507 3584 533 3646 1.
557 3584 589 3647 2.
612 3606 689 3669 pag.
715 3586 804 3663 211.)
827 3604 908 3667 quae
930 3584 1089 3667 descripta
1115 3606 1184 3649 esse
1211 3609 1252 3649 ex
1275 3588 1463 3668 archetypo,
1519 3648 1523 3655 .

136 3680 220 3740 ssnde
240 3689 369 3740 nostrae
387 3679 522 3740 membr.
538 3678 777 3759 profluxerunt,
802 3676 948 3739 dubitare
965 3678 1043 3741 noli.
1089 3680 1190 3755 Tun,
1216 3679 1343 3745 minimo
1358 3683 1463 3764 spatio

137 3771 269 3846 relicto,
293 3771 456 3855 sequitur:
480 3772 542 3835 sibi
563 3773 658 3856 apud
679 3775 815 3860 Syiiam
835 3773 1088 3852 comparaverit
1111 3776 1206 3857 (quiae
1227 3778 1325 3837 verba
1341 3789 1413 3838 enm
1431 3776 1463 3839 in

136 3867 186 3930 cd.
216 3865 301 3930 Bait.
331 3888 365 3948 p.
396 3867 476 3941 168,
502 3869 550 3946 1.)
578 3888 679 3951 usque
706 3869 746 3928 sd
775 3887 809 3948 p.
841 3865 915 3929 195.
946 3869 1020 3928 cod.
1049 3888 1083 3947 p.
1113 3867 1188 3930 202.
1216 3868 1299 3934 Bait.
1327 3870 1391 3931 linc
1411 3881 1463 3933 est

134 3972 249 4024 uestro
266 3960 361 4024 nobie
379 3973 556 4025 manente:
577 3983 684 4046 neque
706 3959 844 4023 reiecto.
889 3961 972 4020 Ttim
987 3959 1197 4041 oitbscriptio:
1221 3964 1275 4025 De
1290 3964 1464 4029 Praetura

133 4055 270 4118 urbana
287 4054 378 4133 finit
407 4057 492 4118 iiber
521 4058 589 4121 111.
634 4052 759 4136 Incipit
787 4052 873 4114 iiber
902 4055 990 4118 1111.
1034 4056 1129 4118 Haec
1160 4055 1232 4120 sine
1263 4057 1367 4120 dubio
1398 4069 1461 4122 etc.

132 4148 322 4214 Procedant
340 4151 419 4212 haec
438 4171 537 4233 usque
556 4152 595 4211 ed
617 4172 651 4231 p.
668 4149 742 4212 201.
760 4148 839 4210 cod.
853 4166 887 4226 p.
909 4146 990 4223 209,
1015 4147 1067 4213 20.
1089 4147 1173 4215 Bait.
1194 4149 1226 4213 si
1245 4152 1462 4218 commissum

129 4243 216 4328 quid
240 4255 341 4308 esset:
373 4244 552 4308 commissa
573 4243 754 4306 dicuntur.
789 4240 905 4323 quibus
928 4241 1054 4318 verbis,
1090 4243 1178 4307 nulio
1204 4240 1309 4325 spatio
1331 4245 1457 4323 relicto,

129 4337 303 4401 adhaerent
324 4340 423 4402 haec:
448 4362 572 4402 causae
592 4337 777 4402 coniectio.
798 4335 896 4421 qtoaai
909 4356 1033 4400 causae
1046 4337 1178 4405 sanein
1195 4337 1293 4400 breue
1312 4340 1459 4405 coactio.

129 4430 247 4513 quibus
269 4432 376 4495 verbis
393 4432 595 4497 continuatur
616 4429 789 4513 disputatio
813 4429 855 4492 de
876 4429 1231 4513 comperendinatione
1249 4452 1346 4513 supra
1367 4435 1458 4519 (pig.
1571 4502 1575 4509 ¹

130 4524 206 4588 160.
230 4528 306 4589 cod.
330 4550 364 4608 p.
390 4527 468 4601 161,
495 4529 545 4593 13.
569 4526 667 4604 Bait.)
690 4525 771 4588 maie
790 4526 941 4605 abrupta,
967 4546 1067 4606 sisque
1083 4527 1123 4587 sd
1140 4527 1255 4589 verbs:
1278 4527 1359 4613 quia
1378 4550 1467 4612 pron

129 4616 227 4683 ditor
252 4620 410 4686 carbonis
428 4619 602 4713 fauorem
629 4622 677 4703 (p.
707 4618 781 4681 206.
811 4619 884 4681 cod.
917 4640 953 4701 p.
978 4618 1056 4693 168,
1083 4622 1113 4682 1.
1138 4617 1251 4696 Boin).
1294 4621 1381 4685 {iioc
1402 4645 1458 4706 up·

129 4724 224 4794 peret
254 4714 387 4779 confusa
415 4736 485 4779 esse
514 4715 609 4780 multa
632 4712 664 4777 in
693 4711 900 4788 membranis,
935 4711 1067 4778 librario
1098 4734 1162 4779 non
1188 4714 1457 4780 animadvertente
