3202 5318
474 344 621 411 runnu
643 332 994 413 ronurnnauuu.
1331 353 1392 418 su
1470 430 1475 443 ι

69 486 218 554 materiis
233 485 374 548 centuria
389 486 633 571 praerogativa:
657 485 749 573 (nou,
774 499 808 550 ιιι
822 487 968 572 plerique
983 486 1108 566 dicunt,
1132 491 1253 570 tribus,
1276 514 1392 577 neque,

70 597 105 647 ut
129 580 182 647 alii
205 580 338 653 volunt,
362 579 561 661 promiscue,
585 580 757 643 cumidem
780 580 994 665 significaret,
1018 582 1126 646 Latini
1147 580 1342 669 usurpabant
1363 601 1394 652 et

68 678 184 742 tribum
210 686 241 737 et
264 673 435 736 centuriam
459 673 744 758 praerogativam).
790 674 926 739 Sortitio
947 675 990 738 ita
1015 680 1283 758 componebatur,
1306 683 1393 747 utin

66 771 202 836 sitellam
239 767 473 831 coniicercutur
505 770 556 832 70.
588 778 693 832 sortes
727 768 773 832 sic
805 768 976 851 inscriptae
1013 772 1164 835 Aemilia
1197 773 1391 856 iuniorum,

67 864 219 933 Aemilia
239 862 415 925 seniorum
436 862 518 940 (scil.
543 861 663 942 primae
686 862 808 941 classis)
830 884 867 924 ac
891 862 1035 927 similiter
1056 885 1156 950 usque
1171 868 1211 929 ad
1225 881 1394 957 septuage.

65 962 175 1024 simam
203 956 331 1021 ultimae
356 956 471 1018 tribus.
517 954 634 1021 Certus
658 955 740 1018 enim
770 968 838 1019 erat
864 958 1002 1020 tribuum
1030 960 1125 1023 ordo.
1171 961 1284 1047 Itaque
1304 975 1393 1028 sorte

66 1055 242 1118 ducebatur
257 1051 355 1115 semel
370 1049 511 1112 centuria
526 1051 773 1135 praerogativa,
798 1051 996 1134 neutiquam,
1022 1064 1056 1114 ut
1078 1053 1164 1117 multi
1186 1059 1392 1132 contendunt,

66 1148 203 1232 primum
228 1146 329 1208 tribus
347 1144 591 1229 praerogativa,
616 1154 680 1206 tum
704 1145 802 1207 altera
826 1144 997 1210 sortitione
1019 1167 1060 1209 ex
1082 1147 1168 1211 tribu
1185 1169 1296 1213 rursus
1320 1172 1395 1213 cen-

64 1242 160 1306 turia.
213 1241 264 1304 Ita
290 1239 405 1323 igitur,
437 1252 470 1301 ut
495 1239 579 1314 dixi,
611 1239 818 1321 explicandae
848 1239 1023 1316 Aniensis,
1058 1242 1222 1319 Veturia,
1253 1244 1395 1309 Galerio
1505 1238 1507 1245 ’

64 1336 243 1400 iuniorum
264 1334 296 1399 in
321 1332 424 1396 tribus
449 1332 510 1396 illis
535 1332 624 1396 Livii
652 1332 745 1397 locis.
791 1332 960 1417 Suffragiis
987 1337 1235 1420 praerogativae
1259 1336 1393 1419 diribitis

64 1451 185 1512 praeeo
207 1428 384 1502 renuntiat,
409 1426 480 1509 quis
496 1427 563 1491 eius
578 1427 732 1511 suffragia
747 1428 868 1491 tulerit.
914 1432 995 1493 'l'um
1015 1431 1117 1513 prima
1132 1431 1242 1497 classis
1258 1446 1395 1503 vocatur

64 1518 155 1588 intra'
173 1524 274 1588 ovile:
298 1521 342 1586 ita
360 1523 556 1604 composita,
581 1534 614 1585 ut
637 1534 685 1586 est
699 1525 793 1604 apud·
807 1521 877 1590 Cic.
901 1525 939 1587 dc
958 1525 1043 1607 Rep.
1066 1527 1089 1590 l.
1110 1526 1149 1603 l.,
1174 1528 1306 1591 deducta
1321 1526 1393 1591 scil.

65 1615 308 1703 praerogativa,
333 1628 496 1679 remanent
519 1616 572 1680 69.
596 1616 773 1691 centuriae,
799 1619 954 1681 adduntur
977 1619 1029 1682 12.
1053 1620 1216 1684 centuriae
1238 1618 1391 1703 equitum,
1511 1628 1521 1641 “

65 1713 122 1797 qui
142 1711 234 1796 primi
257 1711 413 1793 suffragia
440 1710 548 1773 tulisse
574 1710 738 1785 videntur,
775 1722 825 1787 et,
858 1733 939 1796 quae
962 1715 1000 1775 ad
1026 1714 1166 1796 speciem
1191 1712 1391 1799 adiungitur,

62 1828 127 1870 ιιιιει
155 1806 281 1869 fabrum
314 1805 543 1890 tignariorum:
580 1805 623 1867 ita
657 1817 691 1867 ut
720 1826 828 1869 omnes
856 1805 917 1868 sint
946 1808 1000 1871 82.
1030 1808 1203 1872 centuriae.
1245 1806 1393 1874 Diribitis

62 1900 226 1987 suffragiis
241 1921 351 1963 rursus
369 1900 586 1975 renuntiatur,
611 1900 666 1982 qui
682 1899 793 1963 consul
810 1898 912 1964 dictus
928 1900 981 1964 sit.
1027 1903 1072 1968 Ut
1094 1924 1135 1965 ex
1156 1901 1301 1985 Philipp.
1321 1903 1345 1965 l.
1368 1902 1392 1965 l.

61 2006 209 2069 constat,
233 1992 344 2057 deinde
366 1993 424 2074 (ita
446 2006 478 2056 ut
501 1993 652 2072 assolet),
676 1992 755 2056 ‹licis
772 1993 878 2075 potius
900 2014 1011 2068 causa,
1035 2017 1128 2077 quam
1152 1997 1241 2079 quod
1257 2016 1392 2077 prorsus

62 2109 194 2151 necesse
217 2098 317 2165 esset,
342 2085 427 2150 intro
450 2099 606 2151 vocantur
628 2109 686 2150 sex
708 2087 881 2170 suffragia:
904 2089 987 2168 (sear
1004 2091 1088 2170 apud
1109 2087 1296 2154 Ciceronem
1320 2090 1395 2153 bre·

62 2181 171 2245 vitatis
200 2203 292 2244 causa
320 2181 467 2247 omissum
499 2191 563 2256 est,
598 2181 672 2244 item
699 2181 823 2244 tertium
854 2195 885 2243 et
912 2193 1059 2264 quartum
1085 2206 1117 2250 v.
1143 2182 1391 2264 renuntiatur).

61 2277 154 2339 Ilaec
176 2288 279 2338 autem
301 2298 358 2339 sex
382 2277 553 2361 suffragia,
578 2286 612 2338 ut
633 2276 796 2360 colligitur
819 2298 859 2338 ex
881 2277 972 2353 loco,
998 2298 1090 2360 quem
1109 2289 1302 2353 tractamus,
1327 2299 1392 2338 me·

62 2371 147 2433 dium
178 2372 334 2453 quendam
365 2369 469 2433 loetum
501 2370 790 2457 obtinebantqinter
816 2368 948 2450 primam
981 2391 1017 2431 ac
1044 2373 1212 2433 secundam
1239 2370 1391 2447 classem,

61 2462 107 2524 ita
131 2476 164 2526 ut
187 2464 356 2545 separatim
381 2474 468 2527 certe
488 2464 569 2526 intra
591 2463 678 2529 ovile
704 2475 911 2527 vocarentur.
956 2463 1011 2526 Sic
1034 2465 1076 2539 is,
1101 2464 1156 2548 qui
1178 2465 1289 2529 consul
1310 2464 1394 2527 dice-

61 2560 172 2634 batur,
198 2559 335 2620 babebat
356 2559 410 2622 89.
433 2558 586 2642 suffragia
609 2560 654 2637 (l.
678 2557 942 2641 praerogativae,
967 2557 1020 2620 82.
1044 2557 1255 2621 centuriarum
1270 2558 1392 2642 primae

63 2651 190 2726 classis,
215 2653 247 2714 6.
270 2652 451 2736 suffragia).
496 2654 636 2715 Deerant
656 2662 759 2713 tamen
784 2663 858 2715 octo
882 2654 920 2713 ad
941 2649 1168 2715 conficiendam
1192 2650 1254 2714 rim
1279 2653 1393 2735 populi

61 2746 260 2821 universam,
297 2748 444 2820 boccst,
481 2747 638 2809 centurias
661 2746 715 2809 97.
740 2748 894 2808 adversus
918 2746 970 2809 96.
1016 2746 1122 2828 Igitur
1143 2745 1228 2809 iutro
1257 2759 1393 2810 vocatur

62 2843 199 2904 secunda
220 2840 349 2904 elassisa
372 2841 535 2924 suffragiis
556 2841 628 2904 latis
651 2851 682 2902 et
705 2839 838 2902 diribitis
860 2838 1057 2902 renuntiatur
1074 2841 1206 2915 consul,
1230 2861 1290 2902 nec
1308 2840 1392 2904 ultra

60 2955 193 2998 necesse
216 2946 283 2997 erat
303 2936 442 3018 reliquas
464 2937 580 2998 classes
604 2956 734 2998 vocare.
778 2933 977 2996 Dirimuntur
999 2932 1096 3016 igitur
1119 2953 1137 2995 a
1161 2934 1391 3019 consule,'qui

62 3028 106 3091 eis
128 3029 329 3112 praefuerat,
355 3030 480 3093 comitia
503 3029 674 3092 centuriata
698 3029 893 3104 consularia,
922 3026 1105 3109 praetoria,
1129 3027 1288 3095 censoria.

147 3125 187 3188 In
211 3146 243 3187 v.
267 3124 386 3188 deinde
409 3125 475 3200 ito,
501 3138 538 3187 ut
559 3128 703 3203 ossolet,
725 3122 902 3212 suffingr'n
921 3122 1165 3203 interpretandis
1180 3135 1307 3188 secutus
1322 3144 1390 3187 sum

60 3217 284 3282 Niebubrium.
330 3220 410 3281 Nam
436 3231 470 3282 ut
493 3219 607 3304 reliqui
626 3231 791 3311 exponunt
811 3242 851 3281 ex
873 3219 946 3282 lect.
970 3221 1099 3304 volgata
1121 3229 1151 3280 et
1172 3215 1279 3281 Codd.
1305 3239 1391 3281 mco·
1513 3220 1518 3233 ’

60 3334 131 3373 ιιιιο
161 3315 258 3375 verba
287 3313 494 3388 obscuriora,
532 3312 707 3397 „suffragia
736 3313 935 3404 diuiduntur,
966 3313 1131 3395 seruntur,
1163 3312 1389 3388 diribentur‚”

62 3427 128 3468 non
153 3406 254 3470 solum
276 3429 408 3488 prorsus
431 3410 533 3471 otiosa
555 3421 627 3471 sunt
651 3429 707 3470 vv.
731 3419 769 3470 ιιι
794 3410 938 3482 assolet,
963 3408 1127 3490 (quoniam
1154 3407 1186 3469 in
1213 3408 1277 3471 boc
1302 3406 1388 3489 ipso,

64 3511 99 3561 ut
121 3499 281 3564 ferrentur
309 3501 583 3586 diriberenturque
607 3501 781 3583 suffragia,
818 3514 884 3564 tota
914 3499 1108 3566 tributorum
1138 3523 1266 3585 quoque
1292 3501 1393 3565 corui·

60 3593 181 3656 tiorum
204 3594 251 3656 vis
275 3598 492 3670 vertebatur),
524 3599 578 3658 sed
602 3597 692 3657 etiam
719 3595 901 3658 necessario
928 3608 1038 3657 contra
1068 3594 1173 3660 codd.
1198 3616 1307 3659 omnes
1336 3598 1390 3657 ‹le-

60 3688 188 3750 lendum
212 3699 258 3751 est
281 3691 414 3751 alterum
438 3690 657 3752 renuntiatur
679 3701 752 3770 post
777 3710 808 3749 v.
834 3701 987 3751 uocatur.
1031 3690 1205 3752 Praeterea
1226 3688 1258 3751 in
1280 3699 1391 3750 nostra

59 3780 323 3862 interpretatione
354 3784 447 3846 facile
475 3783 662 3868 intelligitur
693 3783 807 3844 rectius
838 3803 906 3844 esse
933 3780 1080 3844 Vaticani
1104 3782 1226 3845 deinde
1252 3782 1317 3856 ito,
1351 3795 1391 3845 ut

59 3879 204 3954 assolet,
231 3888 343 3959 utpote
372 3901 436 3960 quo
460 3879 569 3941 melius
592 3899 683 3961 quam
708 3875 840 3957 simplici
863 3876 983 3938 deinde
1004 3875 1202 3959 significetur
1228 3886 1389 3955 receptum

61 3969 189 4052 quidem
214 3969 300 4034 illum
328 3985 358 4034 et
381 3972 555 4055 legitimum
577 3993 698 4034 morem
726 3971 822 4034 luisse
848 3970 981 4034 vocandi
1004 3981 1080 4050 post
1102 3969 1234 4050 primam
1258 3969 1390 4031 classem

60 4085 126 4126 sex
147 4061 343 4151 suffragia,
369 4069 424 4128 sed
443 4087 502 4147 per
522 4086 555 4128 se
577 4068 775 4147 temporibus
796 4075 882 4126 certe
906 4063 968 4126 illis
988 4084 1090 4144 prope
1109 4082 1389 4144 supervacaneum.

60 4158 295 4239 Expositiones
319 4160 417 4243 longe
444 4159 587 4221 diversas
612 4159 752 4240 reperies
774 4162 858 4241 apud
883 4158 1079 4238 lutri-pretes
1106 4156 1136 4218 in
1166 4156 1231 4219 Ed.
1254 4157 1390 4219 Werus·

60 4253 166 4325 riori„
191 4255 408 4316 Hermanuum
426 4255 455 4316 iu
472 4253 618 4335 Epistola
636 4257 674 4315 ad
690 4252 927 4316 Steinaclterum
951 4275 984 4332 p.
1009 4253 1078 4326 15„
1106 4250 1279 4335 Reisigium
1297 4249 1388 4314 Diar.

60 4346 133 4409 crit.
160 4348 229 4411 len.
257 4348 336 4410 1826
361 4350 473 4431 Suppl.
498 4349 653 4419 38-61.,
681 4348 911 4430 Goettlingium
936 4346 1080 4409 Hermes
1105 4344 1204 4419 1826,
1231 4344 1310 4408 vot.
1335 4345 1387 4408 26.

60 4463 95 4520 p.
121 4442 212 4516 116,
238 4455 269 4504 et
286 4446 378 4507 Berl.
396 4445 607 4508 Jambucuer
632 4443 724 4505 1833.
746 4464 781 4523 p.
807 4442 898 4515 709„
924 4437 1123 4520 Madvigium
1141 4439 1284 4519 Opuscc.
1299 4441 1388 4502 acad.

59 4557 95 4618 p.
120 4535 216 4607 169.;
238 4537 424 4600 Zachariam
449 4541 545 4603 Sulla
568 4539 598 4599 2.
623 4559 657 4618 p.
678 4537 729 4599 76.
754 4535 926 4599 H'ullmann
943 4537 1042 4598 Itum.
1057 4531 1389 4624 Grunduerfassuug

59 4650 95 4709 p.
120 4629 180 4691 297
204 4651 296 4714 seqq.
344 4634 461 4695 Sebulz
488 4632 741 4715 Grundlegung
769 4652 804 4712 p.
836 4629 928 4702 935.;
963 4649 1096 4711 quorum
1124 4626 1268 4713 plerique
1294 4650 1389 4693 rma

60 4720 169 4787 Codd.
194 4725 268 4788 satis
292 4726 406 4789 munita
429 4738 483 4790 aut
505 4727 738 4807 transponenda
759 4736 812 4787 aut
831 4723 960 4786 delenda
985 4742 1052 4784 csse
1075 4732 1243 4803 putarunt,
1266 4720 1296 4785 in
1319 4722 1385 4805 pri·

62 4817 133 4892 tuis,
151 4827 186 4879 ut
201 4817 278 4895 dixi,
298 4820 430 4889 alterum
446 4820 522 4897 illud
538 4820 769 4897 renuntiatur,
788 4852 828 4862 -
848 4815 933 4885 Vidc
958 4816 1002 4885 lu
1009 4815 1164 4921 ppiter,
1187 4814 1385 4905 Rogator.
