3202 5318
588 320 1016 448 odanco-Lautum.
1423 380 1462 444 st

136 519 311 605 Angustus
334 520 494 589 Matthiae
517 520 653 604 Telephi
679 521 874 607 Euripideae
901 523 1109 609 fragmentum
1137 522 1316 589 vicesimam
1338 525 1462 589 tertium
1509 566 1524 581 ι

137 637 207 680 esse
230 617 339 682 voluit
359 619 423 683 hos
445 639 557 681 versus
580 637 598 679 a
621 615 763 682 Stobaco
785 617 976 705 XXXVII.
998 639 1031 700 p.
1056 618 1130 684 226.
1151 627 1317 683 servatos:
1474 628 1481 641 ‘

350 713 510 801 Σπάρτην
535 710 669 799 ἔλαχες·
693 723 799 792 κείνην
818 712 943 797 κόσμει.

350 808 423 884 Τάς
443 813 479 873 tt
497 808 660 886 Μυκήνας
684 809 775 892 ἡμεῖς
796 812 874 889 ἰδίᾳ.

135 923 215 988 quos
245 899 376 984 quidem
400 923 511 966 versos
534 902 807 986 Agamemnonem
831 903 1042 982 Mycenarum
1067 905 1276 992 κοσμήτορα,
1301 925 1371 968 canu
1386 904 1463 968 Me·

136 997 228 1060 nclao
244 996 349 1063 fratre
366 994 421 1080 qrri
443 996 590 1079 Spartam
613 1016 764 1060 asocero
782 995 926 1060 traditam
950 1008 1118 1079 acceperat
1139 997 1313 1074 rixantem,
1345 997 1465 1062 dixisse

134 1088 294 1167 coniicio,
318 1112 393 1155 cnm
416 1091 535 1154 Graeci
554 1088 687 1155 Troiam
712 1090 842 1173 petituri
858 1090 985 1174 proelio
1006 1091 1038 1154 in
1062 1091 1173 1173 Mysia
1192 1090 1282 1156 lacto
1307 1093 1340 1155 in
1363 1093 1466 1156 Grae·

134 1184 215 1248 cia·
237 1182 410 1249 rediissent
439 1197 536 1269 atque
562 1183 745 1267 Telephus,
776 1184 885 1270 quiin
910 1185 966 1252 illo
988 1186 1116 1268 proelio
1139 1188 1179 1249 ab
1204 1185 1331 1251 Achille
1351 1186 1467 1252 volne-

136 1290 229 1343 ratus
250 1290 333 1353 erat,
363 1290 400 1342 nt
415 1290 591 1367 ‚sanaretur
619 1279 778 1360 Mycenas
800 1278 953 1344 venisset.
976 1316 1017 1327 -
1063 1280 1230 1364 Euripidis
1252 1280 1378 1346 nornine
1401 1301 1466 1345 non

137 1370 250 1438 addito
272 1374 371 1437 verba
398 1373 561 1461 Σπάρταν
584 1373 719 1454 ἔλαχες,
747 1385 854 1454 κείνην
877 1375 993 1460 κόσμει
1014 1397 1032 1436 a
1054 1373 1161 1438 multis
1182 1364 1394 1458 scriptoribus
1415 1398 1468 1439 re-

137 1467 237 1551 petita
262 1479 355 1547 sunt,
386 1467 429 1531 ita
462 1481 497 1530 ut
524 1468 593 1533 lere
617 1468 785 1551 proverbii
811 1469 913 1532 instar
935 1480 1054 1534 essent.
1098 1469 1292 1536 Plutarchus
1315 1495 1347 1535 π.
1370 1471 1466 1537 adho-

137 1570 216 1647 μίαςΙ
243 1584 280 1647 p.
312 1563 389 1627 dli.
418 1561 471 1627 D:
506 1565 584 1629 οὐδὲ
614 1563 680 1653 γάρ
707 1570 742 1629 οἱ
766 1569 895 1648 δρομεῖς
920 1563 975 1630 ὅτι
1003 1564 1049 1649 μή
1077 1565 1151 1643 τους
1184 1569 1247 1631 τοῖν
1275 1570 1467 1633 παλαιστῶν

139 1669 301 1745 φίρονιαι
322 1658 505 1739 στεφάνους
527 1662 730 1743 ἀθυμοῦσιν,
753 1659 840 1724 ιῖλλά
866 1674 930 1734 τοῖς
952 1662 1060 1726 aaran
1083 1660 1297 1744 ἀγάλλονται,
1310 1670 1367 1726 καὶ
1390 1671 1466 1739 χαί-

137 1770 252 1841 ροντι·
307 1754 505 1837 Σπάρταν
533 1754 693 1833 ἔλαχες,
727 1755 878 1820 ταύταν
909 1755 1064 1839 κόσμει.
1109 1755 1191 1820 idem
1226 1782 1258 1820 π.
1292 1760 1397 1840 φυγῆς
1428 1776 1465 1836 p.

138 1836 211 1911 Illi·
235 1846 286 1911 B:
319 1849 364 1913 άν
390 1848 455 1935 γάρ
478 1852 601 1934 σκοπῇς
624 1848 702 1914 άνιυ
723 1854 814 1929 κενῆς
836 1849 929 1930 δόξης
955 1851 1011 1930 τήν
1038 1849 1213 1929 ἀλήθειαν,
1241 1853 1363 1935 ὁμοίαν
1384 1850 1466 1925 (hd

137 1953 193 2025 μέν
215 1942 313 2023 τινα)
335 1943 433 2009 πόλιν
454 1943 540 2023 ἔχων
561 1947 648 2022 ξένος
668 1954 738 2009 ἐστὶ
762 1948 824 2009 τῶν
843 1944 952 2010 ἄλλων
973 1947 1114 2010 ἁπασῶν
1135 1955 1192 2010 καὶ
1209 1944 1401 2031 ἀλλότριος·
1423 1947 1463 2010 ori

138 2036 199 2124 γάρ
214 2040 311 2103 δοκεῖ
322 2037 426 2104 καλὸν
443 2040 520 2104 οὐδὲ
541 2043 669 2103 δίκαιον
687 2038 771 2104 εἶναι
793 2039 1015 2107 καταλιπόντα
1036 2039 1092 2119 τήν
1110 2043 1230 2104 ἑαυτοῦ
1242 2047 1356 2126 ἑτέραν
1369 2040 1464 2117 (add.

136 2130 273 2212 ιὲχιιν
302 2152 330 2193 ι.
353 2137 486 2211 οἰκεῖν).
531 2133 734 2220 Σπάρταν
762 2132 929 2213 ἔλαχες,
963 2129 1115 2212 ταύτην
1146 2133 1302 2216 κόσμει.
1325 2163 1365 2178 ·-
1390 2129 1464 2197 Cic.
1495 2150 1498 2163 ·

137 2226 174 2289 ad
195 2227 274 2289 Art.
299 2225 366 2289 lv.
388 2226 421 2289 6.
446 2227 531 2290 etl.
555 2227 613 2289 ult.
636 2257 677 2270 -
723 2226 835 2290 Susidas
860 2249 889 2290 s.
914 2249 947 2290 v.
970 2227 1103 2311 κόσμει·
1124 2230 1287 2311 ἐπιμελοῦ.
1318 2225 1466 2310 κόσμει

135 2322 184 2395 ἄν
204 2319 357 2399 ἔλαχες
389 2321 593 2407 Σπάρταν.
624 2319 709 2383 addit
739 2320 844 2385 locum
873 2342 968 2404 quaem
991 2341 1062 2384 esse
1092 2320 1216 2400 Synesii
1238 2319 1331 2403 epist.
1358 2318 1400 2385 C.
1428 2342 1464 2402 p.

137 2414 209 2481 239.
233 2414 398 2480 Kustcrns
420 2412 583 2478 indicavit.
628 2413 851 2497 Diogeniauus
872 2416 1029 2495 proverb.
1046 2413 1151 2478 VlIl.
1177 2415 1234 2477 lb:
1265 2414 1466 2498 Σπάρταν

138 2508 304 2591 ἔλαχες,
325 2521 471 2576 κείναν
495 2509 660 2594 κόσμει·
683 2513 791 2589 δῆλον.
817 2508 917 2573 VIII.
941 2507 1017 2570 46.:
1043 2519 1100 2583 τίς
1123 2511 1258 2594 πατέρ’
1281 2507 1465 2588 alarinen,

138 2615 171 2671 εί
193 2604 249 2692 μά
285 2609 576 2687 κακοδαίμονα
613 2617 752 2681 atavam
787 2613 841 2669 ἐπὶ
869 2606 932 2668 τοῖν
966 2603 1148 2687 προγονικά
1177 2602 1466 2689 άνδραγαὲιῆματα
1568 2646 1577 2660 ·

139 2704 266 2787 ἀπορίᾳ
278 2704 350 2782 ἰδίᾳ
364 2700 620 2784 προσφερόντων
635 2699 673 2779 (l.
694 2701 821 2782 προφ.)·
839 2701 941 2785 ὁμοία
956 2702 996 2784 τῇ
1016 2696 1121 2763 κατά
1143 2698 1298 2764 σαυτὸν
1318 2697 1466 2763 ἔλαυνε

140 2807 193 2862 ant
217 2798 267 2876 ἢν
292 2793 441 2874 ἔλαχες
466 2795 667 2880 Σπάρταν
688 2795 846 2878 κόσμει.
868 2807 1028 2880 παραινεῖ
1041 2792 1106 2877 γάρ
1126 2793 1171 2876 μή
1189 2807 1254 2869 τοῖς
1273 2795 1352 2880 ὑπὲρ
1368 2784 1467 2870 ἀξίαν

140 2894 315 2973 tutandas.
361 2891 556 2954 Theodorus
583 2888 764 2953 Metochita
786 2910 820 2970 p.
843 2891 897 2950 l'l.
921 2888 970 2952 ed.
996 2885 1136 2950 Kiessl.:
1174 2885 1321 2970 ἀνάγκην
1347 2885 1466 2964 ταύτην

141 2989 275 3070 ἔχομεν,
298 2987 336 3049 οὗ
357 2985 559 3071 Σπάρταν
583 2998 747 3067 κοσμεῖν
776 2984 861 3048 κατά
888 2983 944 3063 τήν
961 2992 1144 3068 παροιμίαν
1168 2983 1216 3046 ἂν
1242 2981 1464 3062 ἐλάχομεν.
1496 2994 1505 3025 ’ν

140 3083 222 3146 ἀλλά
247 3080 350 3157 τύχην
366 3079 514 3161 μάλιστα
534 3091 655 3161 φέρειν.
700 3077 761 3141 His
785 3076 972 3140 testimoniis
998 3074 1124 3141 collatis
1149 3073 1203 3137 vix
1224 3085 1304 3158 puto
1326 3072 1464 3137 dubitari

141 3195 251 3257 posse,
275 3170 353 3256 quin
376 3172 546 3255 Euripides
564 3171 752 3253 scripserit:

351 3267 513 3351 Σπάρταν
536 3265 668 3345 ἔλαχες,
697 3267 818 3332 ταάταν
839 3266 963 3350 κόσμοι.

142 3364 258 3427 Postea
289 3360 518 3445 elegantiarum
544 3372 716 3424 venatores
743 3360 823 3424 male
846 3361 945 3423 seduli
975 3360 1134 3424 vocabulo
1156 3360 1244 3444 quod
1262 3369 1309 3421 est
1336 3359 1467 3440 Sparta

142 3456 204 3520 lere
228 3476 293 3540 pro
319 3477 359 3518 eo
384 3457 471 3539 quod
500 3466 549 3517 est
571 3466 692 3537 partes
714 3465 863 3526 nituntur,
892 3453 934 3516 ita
958 3466 993 3516 ut
1019 3454 1145 3517 dicant:
1176 3458 1339 3536 Spartam
1365 3469 1467 3512 snam

143 3550 252 3626 amri,
287 3550 376 3612 hanc
397 3549 460 3612 alii
483 3552 649 3630 Spartam
672 3548 881 3631 relinquere,
910 3552 1055 3631 Spartae
1082 3547 1299 3610 distribuere.
1321 3579 1362 3590 -
1406 3541 1465 3603 Li·
1522 3610 1529 3619 ,

144 3642 224 3707 sebit
242 3643 296 3706 hic
311 3644 427 3706 addere
449 3641 662 3726 fragmentum
678 3640 815 3724 Telephi
838 3644 878 3704 ab
900 3642 1051 3726 Augusto
1074 3641 1231 3705 Matthiae
1253 3637 1422 3709 omissum,
1448 3655 1466 3697 a

146 3737 315 3802 Guiliclmo
338 3735 511 3801 Dindorlio
536 3757 599 3800 non
627 3736 787 3799 additum:
811 3735 1064 3816 Olympiodorus
1088 3735 1154 3799 MS
1176 3731 1389 3798 bibliothecae
1410 3727 1467 3795 Ci-

146 3833 245 3897 zensis
275 3832 317 3894 ad
342 3831 428 3896 Plat.
458 3833 566 3914 Gorg.
600 3853 632 3911 p.
662 3831 734 3894 521.
763 3830 810 3893 B:
846 3836 877 3895 εἴ
897 3856 952 3894 σοι
977 3829 1102 3896 Μυσόν
1123 3856 1158 3912 ys
1180 3829 1274 3908 ἥδιον
1294 3831 1467 3891 καλεῖν-

147 3927 220 3991 hacc
250 3923 413 3989 adnotavit
448 3928 502 4003 (v.
537 3923 727 3989 Stallbanm.
760 3923 789 3986 in
821 3926 872 3987 ed.
908 3926 1006 3990 Goth.
1035 3944 1070 4005 p.
1104 3924 1222 4000 2l8.):
1255 3925 1275 4000 ἧ
1302 3926 1467 4004 παροιμία

146 4023 221 4101 αὕτη
243 4029 283 4087 ἐκ
309 4025 368 4085 τοῦ
391 4023 544 4100 Τηλέφου
569 4029 658 4084 ἐστίν
684 4022 875 4104 Εὐριπίδου.
906 4030 975 4084 ἐκεῖ
992 4018 1058 4103 γάρ
1080 4018 1188 4103 ἐρωτᾷ
1209 4042 1254 4090 τις
1274 4023 1347 4099 περὶ
1368 4015 1468 4088 Τηλέ-

148 4142 205 4195 φου
222 4126 284 4180 καί
309 4141 394 4193 φησι
415 4114 450 4178 τὸ
475 4113 627 4179 Μυσὸν
655 4114 857 4194 Τήλεφον.
904 4114 1074 4176 saur-sins.

222 4211 456 4281 Σπιίοασθαι,
486 4207 643 4270 inducias
660 4202 814 4299 facere,
837 4205 978 4289 pacisci.
1036 4258 1051 4283 „
1064 4205 1275 4269 Sneloanhac
1303 4198 1374 4265 volt
1396 4218 1466 4260 cum

93 4276 95 4301 Ι
149 4302 243 4366 Bruto
262 4299 467 4367 ctCassio.”
511 4303 550 4363 ad
572 4302 644 4364 Att.
667 4299 748 4363 XV.
771 4300 830 4374 29,
857 4300 888 4363 2.
935 4298 1075 4380 Proprie
1098 4309 1146 4362 est
1169 4296 1294 4366 liberm
1316 4295 1372 4355 sed
1394 4291 1467 4377 qrtia

148 4394 372 4463 inlocderibns
395 4401 554 4469 σπονδαί,
569 4382 776 4467 libationes,
801 4391 1049 4467 adhibebantur,
1073 4402 1247 4473 propterca
1270 4387 1371 4471 ipsum
1378 4384 1467 4478 soe·

149 4490 201 4556 dat
223 4503 256 4555 et
269 4487 416 4582 foedus
429 4485 561 4578 facere
584 4488 708 4565 σπονδὴ
735 4498 767 4549 et
789 4493 994 4551 σπείσασθαι
1016 4484 1144 4547 dicitur.
1189 4483 1274 4545 Ena.

218 4584 474 4662 Σπονδιιάζων,
510 4604 628 4647 uersas
658 4580 886 4665 spondeicus,
919 4581 953 4641 h.
982 4600 1011 4640 e.
1046 4576 1154 4661 qttinta
1181 4578 1255 4641 sede
1288 4576 1466 4659 spondeum

150 4676 253 4744 labens
276 4698 343 4761 pro
366 4677 509 4756 dactylo.
564 4678 685 4751 „Hisne
711 4673 965 4752 σπονδειάζοντα
988 4670 1112 4769 (flavit
1133 4672 1177 4735 ab
1200 4670 1311 4756 Epiro
1335 4671 1467 4735 lenissi-

151 4793 212 4839 ιιιι
238 4769 500 4850 Onchesmites)
529 4770 556 4833 si
585 4768 636 4834 cui
662 4769 752 4833 voles
778 4773 840 4834 τόν
868 4779 1029 4855 νεωτέρων
1051 4787 1112 4850 pro
1135 4779 1191 4831 tuo
1215 4763 1383 4830 vendita.''
1428 4763 1468 4825 ad

153 4864 210 4970 ιιι.
231 4864 321 4932 vu.
347 4863 447 4959 w·
