3202 5318
137 328 201 401 su
664 316 925 392 sorssors
999 294 1002 299 ⁴

139 475 297 552 admissis,
334 495 415 560 quos
445 470 625 536 doctissime
657 478 842 551 persecutus
871 478 919 530 est
946 467 1061 530 Madv.
1097 488 1131 549 p.
1166 466 1226 531 108
1255 491 1351 556 seqq.
1397 466 1461 551 Qui

139 558 230 635 etiam
264 594 299 654 p.
328 570 368 635 92
395 591 487 652 seqq.
519 560 645 628 errores
673 563 704 624 in
726 561 801 643 ipsis
832 562 1045 646 grammaticis
1073 561 1268 643 explicandis
1298 566 1460 631 ostendit:

22 662 39 679 “
138 666 251 749 quibus
277 663 347 726 addi
374 673 482 743 potest
507 663 593 744 quod
618 660 656 719 ad
680 657 737 718 lib.
769 658 797 719 1.
823 678 850 720 c.
879 657 930 717 17.
960 678 993 736 p.
1025 656 1096 718 193.
1128 659 1166 718 de
1192 658 1277 723 viris
1306 650 1407 723 bonis
1428 669 1460 721 et

137 757 287 822 honestis
309 755 422 818 dicitnr
436 762 454 817 :'
475 776 521 816 on
545 764 673 816 vetuste
697 752 803 813 latinos
823 772 890 831 pro
912 751 1068 832 magnis;
1100 752 1261 815 lrooestos
1285 774 1356 837 pro
1378 752 1462 815 clini·

136 853 228 917 tibur
243 850 387 935 mit?
415 870 510 931 quum
537 846 655 911 Cicero
680 846 786 906 bonos
810 845 894 905 dicat
919 845 1115 924 locupletes:
1150 844 1212 909 vid.
1239 846 1403 909 Graevius
1426 847 1463 907 ad

136 944 194 1008 lib.
218 934 288 1009 lxi
305 938 345 1005 ad
367 944 438 1005 Art.
463 965 515 1022 ep.
543 941 610 1014 12.;
633 941 793 1002 honestos
808 959 872 1000 ιιοιι
887 936 1036 1000 sordidae
1052 940 1155 1013 vitae,
1181 939 1258 1000 etin
1277 961 1362 1021 qrros
1380 939 1464 1001 nrdla

148 1036 347 1121 inprobitatis
370 1037 510 1119 suspicio
534 1038 642 1097 tradat:
668 1055 747 1115 quae
776 1037 871 1094 verba
896 1032 1014 1094 addidit
1038 1032 1174 1108 Cicero,
1200 1048 1233 1096 ut
1256 1044 1393 1118 attgeret
1419 1032 1481 1127 rei⁸

137 1133 370 1217 indignitatem,
394 1153 488 1214 quum
513 1152 528 1190 a
555 1129 666 1190 talibus
690 1125 766 1188 viris
793 1128 938 1189 voluutas
962 1125 1101 1188 deluncti
1125 1128 1271 1189 destituta
1301 1140 1399 1189 esset.
1424 1160 1462 1173 -

139 1228 252 1291 Sermo
277 1226 410 1308 denique
436 1236 483 1286 est
510 1222 679 1296 eiusmodi,
705 1223 828 1304 qualem
853 1232 1018 1302 exspectes
1043 1221 1081 1281 ab
1106 1221 1232 1282 homine
1255 1220 1409 1296 indocto,
1433 1231 1464 1283 et

139 1319 202 1383 iam
217 1319 366 1401 collapsis
387 1319 483 1380 rebus
500 1317 652 1381 Romanis
673 1318 817 1378 vivente:
843 1314 932 1377 cuius
955 1313 1002 1376 rei
1022 1315 1097 1378 nihil
1114 1315 1224 1379 attinet
1242 1316 1336 1395 plura
1357 1336 1463 1377 exem·

136 1413 190 1498 pla
220 1412 391 1497 colligere,
426 1424 500 1493 post
528 1430 563 1473 ea
588 1432 669 1493 quae
694 1410 777 1472 dedit
800 1411 915 1472 Madv.
938 1431 1012 1490 pag.
1036 1410 1095 1472 135
1125 1431 1235 1491 seqq„
1267 1421 1301 1471 ut
1329 1412 1461 1472 verbum

130 1505 345 1590 figmentum
374 1507 404 1568 in
434 1507 538 1588 primo
566 1506 667 1567 schol.
703 1506 741 1564 ad
769 1504 824 1565 lib.
853 1504 882 1565 I.
912 1514 942 1563 et
968 1503 1095 1565 similia:
1134 1525 1270 1585 qrrorum
1300 1501 1460 1567 incondita

138 1599 302 1663 barbaries
325 1598 417 1675 lecit,
454 1613 487 1660 ut
508 1621 589 1661 vero
619 1597 763 1659 Asconio
787 1598 891 1658 nullus
917 1596 1085 1659 testimonii
1111 1596 1231 1659 dicendi
1259 1596 1352 1659 locus
1377 1596 1459 1677 apud

85 1750 90 1769 ,
135 1682 312 1756 lexieorrim
333 1692 516 1755 conditores
539 1695 683 1763 daretur;
707 1713 802 1774 qrtrrm
820 1702 923 1752 tamen
941 1700 1048 1751 utatur
1065 1712 1209 1754 sermone
1229 1711 1312 1772 puro
1335 1701 1368 1752 et
1386 1689 1458 1750 sim·

136 1787 230 1868 plici,
261 1806 353 1869 quem
378 1785 492 1847 rectius
521 1784 696 1859 imitemur,
734 1807 827 1866 quam
854 1785 926 1846 illos
952 1785 1121 1847 multorum
1149 1796 1319 1869 argenteae
1349 1782 1458 1847 aetatis

136 1879 329 1961 scriptorum
353 1879 563 1941 calamistros.

222 1973 302 2034 Sunt
324 1983 425 2034 aruem
451 1973 540 2053 plrrra
563 1972 667 2033 iuliae
690 1971 923 2052 disputatione,
948 1995 1028 2055 quae
1044 1975 1159 2035 cadunt
1178 1974 1269 2035 etiarn
1291 1973 1324 2035 in
1338 1971 1459 2037 scholia

137 2090 154 2130 a
184 2065 276 2130 Maio
303 2088 343 2128 ex
375 2066 463 2127 libris
494 2065 715 2128 Arubrosianis
740 2078 769 2126 et
798 2065 960 2128 Vaticanis
988 2069 1089 2129 edita:
1127 2090 1206 2149 quae
1239 2089 1302 2131 non
1332 2067 1459 2151 quidem

136 2173 284 2245 putamus
311 2157 403 2221 alium
429 2180 614 2240 quetuquam
637 2159 781 2221 Asconio
805 2159 1050 2240 adscripturum,
1088 2183 1181 2244 qrtum
1209 2162 1312 2243 ipsum
1337 2161 1458 2224 Maium

135 2275 237 2339 paene
255 2252 466 2315 audiverimus
490 2254 711 2326 confitentem,
737 2253 766 2314 in
790 2253 895 2334 prael.
919 2257 957 2314 ad
980 2256 1081 2316 sclrul.
1107 2260 1144 2316 ad
1167 2278 1216 2318 or.
1232 2261 1302 2338 'pro
1327 2257 1404 2319 Mil.
1426 2277 1457 2337 p.

139 2350 213 2413 att.
239 2348 341 2414 Orell.
388 2348 448 2408 Sed
473 2340 594 2420 tamen,
619 2345 709 2407 ctiam
733 2359 807 2426 post
830 2348 1045 2430 Madvigium,
1070 2351 1107 2410 de
1131 2349 1167 2411 iis
1188 2371 1287 2430 pauca
1309 2350 1458 2422 dicemus,

138 2452 173 2503 ut
200 2442 297 2526 tnagis
319 2452 467 2523 appareat
493 2439 666 2503 Asconiaui
697 2441 803 2521 operis
827 2441 1036 2521 praestantia,
1072 2454 1103 2504 et
1126 2443 1241 2523 quibus
1267 2445 1297 2506 ιιι
1325 2449 1458 2509 rebusa

57 2528 64 2541 ⁸
139 2534 270 2618 reliquis
292 2534 516 2617 superstitibus
539 2533 632 2596 buius
653 2535 778 2616 generis
802 2534 929 2616 seriptis
956 2537 1061 2599 distet.
1098 2539 1149 2600 ,Er
1172 2550 1242 2599 sunt
1266 2540 1319 2601 illa
1340 2537 1459 2601 scholia

139 2649 181 2693 ex
201 2629 364 2691 rhetorico
391 2641 420 2689 et
447 2628 600 2721 historico
628 2650 762 2709 genere,
788 2641 820 2690 ut
849 2631 893 2691 ait
916 2631 1029 2692 Madv.
1055 2654 1088 2711 p.
1118 2633 1210 2705 stt„
1241 2631 1281 2692 ita
1306 2644 1408 2694 tamen
1426 2643 1457 2694 ut

137 2720 272 2785 historia
306 2721 403 2805 magis
425 2733 531 2783 utatur
553 2721 693 2801 scriptor
723 2724 761 2781 ad
789 2735 887 2782 artem
917 2723 1150 2786 illustrandam:
1185 2738 1216 2786 ct
1245 2728 1394 2788 videntur
1420 2728 1457 2787 ab

138 2816 227 2880 initio
251 2815 383 2879 seorsim
406 2816 506 2887 edita,
534 2827 566 2875 ut
592 2815 623 2875 in
645 2815 694 2874 illa
719 2837 758 2875 cx
785 2815 944 2877 deteriore
968 2829 1070 2880 aetate
1090 2840 1151 2882 uon
1176 2833 1236 2881 tam
1259 2822 1357 2901 multa
1382 2840 1456 2883 con·

139 2908 291 2972 fluxerint
311 2931 403 2992 quam
425 2909 454 2970 in
471 2909 590 2971 scholia
607 2911 645 2969 ad
663 2909 836 2982 Verrinas;
860 2913 914 2971 sed
939 2923 1039 2973 tamen
1063 2914 1152 2974 otiam
1177 2912 1206 2973 in
1233 2913 1283 2977 his
1304 2917 1457 2997 duplicem

141 3024 264 3065 manum
286 3001 440 3064 interdum
468 3003 682 3087 agnoscimus.
736 3006 816 3065 Nam
844 3027 937 3087 ιμιιιιιι
962 3006 1064 3067 multis
1090 3008 1193 3068 verbis
1216 3008 1244 3068 in
1270 3020 1457 3090 argumento

142 3096 296 3161 orationis
319 3095 349 3158 in
375 3095 521 3160 Clodium
551 3109 582 3158 et
611 3096 783 3160 Curionem
815 3121 847 3179 p.
880 3100 1037 3182 329'seq.
1073 3103 1175 3164 Orell.
1211 3103 1326 3162 dictum
1356 3104 1396 3163 sit
1423 3105 1459 3164 de

142 3191 263 3254 incestu
293 3188 418 3264 Clodii,
454 3203 627 3272 secuteque
661 3191 715 3252 illo
745 3191 877 3264 iudicio,
914 3196 952 3254 ad
974 3216 1003 3256 c.
1029 3197 1061 3257 5.
1084 3197 1117 3256 Ιι.
1143 3218 1193 3258 or.
1219 3203 1249 3271 §.
1274 3196 1305 3259 3.
1332 3220 1365 3278 p.
1388 3197 1459 3260 336.

143 3286 181 3347 ‹le
205 3285 310 3346 eadem
336 3306 371 3345 re
391 3283 530 3345 narratio
552 3285 744 3366 integratur,
771 3286 918 3366 apposito
937 3289 1051 3349 veteris
1072 3288 1241 3368 scriptoris
1257 3291 1348 3363 loco,
1372 3311 1459 3372 quem

143 3398 239 3462 quum
263 3388 298 3438 ut
319 3376 453 3440 Asconii
474 3378 682 3452 notavisscm,
708 3401 770 3439 uon
792 3379 859 3440 sine
885 3383 1048 3462 voluptate
1067 3382 1126 3443 vidi
1149 3384 1241 3445 etiam
1263 3384 1459 3466 Madvigium

143 3493 178 3554 p.
201 3471 273 3533 150.
298 3491 361 3532 non
388 3471 521 3533 alienum
548 3493 615 3532 esse
641 3475 679 3532 ab
707 3473 766 3532 hac
797 3473 958 3552 opinione.
1003 3476 1243 3558 Repuguantiae
1270 3481 1458 3559 exenmlum,

144 3575 273 3647 praeter
295 3559 372 3626 illud
393 3568 430 3626 de
453 3564 596 3627 Gabiniis
620 3568 706 3646 quod
727 3566 848 3627 notavit
869 3570 983 3630 Madv.
1009 3592 1038 3649 p.
1062 3572 1120 3631 151
1144 3591 1232 3653 serp,
1257 3583 1305 3631 est
1322 3573 1363 3632 ad
1380 3578 1459 3631 orat.

146 3662 185 3721 de
207 3679 280 3720 aere
304 3661 345 3720 al.
372 3659 446 3720 Mil.
471 3681 504 3739 p.
528 3659 601 3720 313.
627 3659 679 3720 ubi
702 3661 740 3719 ad
763 3682 792 3720 c.
818 3665 848 3721 1.
873 3667 904 3736 §.
928 3660 957 3723 3.
980 3665 1057 3725 baec
1080 3676 1167 3725 sunt:
1193 3663 1327 3726 videtur
1349 3677 1383 3728 et
1404 3666 1460 3729 Cn.

144 3751 308 3835 Pompeio
328 3752 419 3814 idem
440 3752 580 3817 Cloelius
602 3752 747 3814 insidias
766 3755 961 3834 paravisse:
994 3777 1070 3839 pag.
1094 3778 1160 3839 seq.
1184 3760 1222 3817 ad
1245 3780 1275 3819 c.
1300 3759 1332 3819 2.
1356 3761 1388 3831 ὁ.
1410 3758 1458 3821 8.ι

144 3846 362 3911 notissimum
390 3859 506 3909 aretem
535 3858 586 3908 est
618 3850 653 3910 P.
687 3846 843 3909 Clodium
875 3848 1077 3912 insidiatum
1105 3873 1177 3914 esse
1206 3853 1382 3935 Pompeio.
1420 3850 1461 3917 Id

144 3940 256 4023 ipsum
281 3940 492 4020 testificatur·
519 3951 551 4002 et
573 3941 609 4001 in
630 3940 708 4002 aliis·
736 3940 874 4025 quidem
896 3956 991 4007 retro
1018 3944 1143 4025 holritis
1167 3945 1399 4021 orationibus,
1430 3955 1461 4007 et

146 4037 254 4097 multo
274 4035 408 4116 plenius
429 4055 469 4096 oc
493 4032 715 4124 manifestius
734 4056 800 4115 pro
819 4035 964 4100 Milone.
1010 4038 1116 4101 Maius
1131 4039 1229 4122 igitur
1245 4038 1304 4114 ait,
1331 4040 1463 4103 videtur·

146 4127 256 4208 priore
281 4128 354 4191 loeo
382 4129 519 4209 positum
544 4149 604 4209 pro
626 4139 777 4202 cons-tat,
814 4129 861 4190 vel
887 4143 1048 4211 apparet,
1084 4135 1170 4215 qrrod
1192 4134 1218 4195 si
1242 4136 1461 4205 concedamus,

144 4228 247 4283 tamen
267 4242 331 4284 non
351 4233 460 4303 potest
484 4221 542 4283 alia
566 4233 668 4282 metue
690 4242 757 4282 esse
781 4221 950 4302 scriptum,
975 4247 1067 4307 qrram
1091 4239 1124 4288 ut
1147 4228 1209 4289 lroc
1232 4228 1374 4302 dicatur,
1405 4247 1463 4308 op·

140 4332 267 4394 parere
295 4316 357 4377 boc
385 4320 478 4390 loeo,
512 4335 574 4375 con
596 4315 641 4376 eei
662 4338 709 4376 eac
731 4337 772 4377 eo
792 4338 912 4397 posse:
949 4341 1028 4401 quae
1057 4323 1220 4402 quomodo
1245 4342 1316 4382 curn
1341 4321 1400 4383 illis
1428 4318 1464 4379 ad

143 4426 174 4468 c.
196 4408 227 4467 2.
250 4408 379 4489 scriptis,
396 4406 593 4470 consentiant
615 4408 720 4470 Maius
748 4408 871 4471 viderit.
918 4413 982 4473 Sed
1003 4415 1041 4475 de
1067 4413 1127 4475 illis
1151 4413 1269 4475 insidiis
1293 4410 1464 4475 luculenter

142 4498 267 4561 dixerat
289 4502 449 4565 Asconius
474 4505 513 4563 ad
538 4523 588 4564 or.
613 4523 674 4583 pro
705 4501 777 4565 Mil.
808 4525 841 4583 p.
874 4506 925 4565 17.
957 4505 979 4567 l.
1010 4506 1062 4569 2:
1103 4507 1257 4571 scholium
1292 4518 1397 4570 autem
1429 4506 1465 4567 ad

130 4611 172 4667 ‚c.
194 4591 225 4653 2.
249 4606 354 4656 natum
379 4595 503 4657 videtur
525 4617 565 4658 ex
589 4618 646 4671 eo,
669 4599 757 4680 quod
780 4598 819 4656 ad
839 4597 930 4659 huius
950 4599 1104 4664 orationis
1124 4602 1246 4675 locum,
1270 4604 1311 4663 de
1334 4622 1375 4665 eo
1395 4602 1464 4683 ipso

141 4695 306 4766 tempore,
332 4689 510 4751 dubitanter
531 4688 649 4772 aliquid
674 4691 847 4770 scripserat
874 4691 1045 4755 Asconius.
1069 4728 1108 4740 -
1133 4696 1237 4757 Nemo
1255 4693 1355 4779 igitur
1376 4695 1464 4757 mira-

140 4776 245 4853 bitur,
279 4780 371 4843 etiam
394 4779 425 4841 in
454 4780 501 4843 his
530 4782 659 4849 scholiis
683 4783 814 4849 Asconii
845 4804 959 4849 vocem
990 4787 1029 4848 sd
1056 4786 1141 4852 lilios
1165 4808 1230 4853 noo
1256 4788 1375 4865 artdiri;
1407 4788 1461 4853 set
