3202 5318
545 342 902 455 ruoexneenu.
1323 345 1386 417 sss

58 490 208 568 attatum,
242 487 388 572 quamvis
417 486 458 551 sit
488 508 573 553 mera
602 486 797 555 coniectura.
831 488 1015 553 Graevius.
1057 487 1232 553 Gructrinsa
1258 501 1388 555 secutus

56 586 119 651 lib.
138 586 187 651 lt.
208 586 246 647 dc
265 582 386 649 Comit.
407 584 488 646 hanc
507 584 607 647 fuisse.
624 594 825 667 quaesturam
845 593 945 665 puto,
967 593 1074 653 natam
1094 584 1296 669 exagraria
1315 586 1388 671 iege

57 678 163 746 &est
183 679 271 745 Titii
291 676 411 741 tribuni
431 678 551 760 piebis,
575 678 614 741 ad
636 674 848 761 colligendum
864 675 989 740 scilicet
1003 676 1140 763 vectigal
1156 677 1244 763 agria
1258 678 1388 761 publice

57 773 228 858 assignatis
256 773 459 854 impositum,
495 771 584 835 cuius
615 770 755 834 meminit
787 768 937 833 Valerius
970 770 1072 838 vllt.
1106 773 1140 836 1.
1183 773 1390 838 Pansionem

58 870 235 933 vocabam.
269 869 384 952 Neque
403 865 540 930 Manutii
557 866 760 929 coniecturae
775 864 905 929 multum
925 866 1043 929 babere
1058 864 1210 931 momenti
1224 866 1387 933 ridentura

56 968 231 1031 Murena,
255 959 374 1047 inquit,
395 960 611 1045 prouinciam
631 959 751 1022 habuit
772 971 885 1036 sorte,
909 980 977 1023 nou
999 962 1094 1043 leges
1120 981 1234 1044 nempe
1254 962 1389 1027 sortitus

58 1068 109 1122 eat
130 1058 344 1145 quaestoriam
364 1054 582 1136 provinciam,
606 1075 700 1136 quarn
723 1054 775 1115 lex
799 1054 902 1130 'titia,
927 1065 961 1116 ut
984 1053 1135 1130 dicimus,
1159 1056 1388 1121 constituente

57 1151 227 1235 Oportnit
242 1149 416 1214 nominari
427 1148 643 1232 prouinciam
657 1150 848 1223 Murenae,
871 1160 911 1211 ut
931 1149 994 1211 illa
1010 1148 1155 1231 Sulpicii
1175 1149 1389 1225 nominatur.

59 1248 165 1319 Esto,
192 1246 256 1308 -sed
284 1262 348 1307 non
379 1242 462 1305 aliud
489 1242 538 1307 ilii
559 1262 674 1306 nomen
698 1251 788 1314 erat;
814 1253 986 1326 quaestura
1006 1242 1173 1308 dicebatur
1196 1246 1267 1330 iege
1288 1242 1388 1321 Titia,

58 1342 95 1403 b.
120 1360 151 1404 e.
174 1342 252 1404 Sex.
277 1336 366 1401 'sitin
388 1335 548 1400 instituta:
580 1335 827 1418 Reponendum
848 1337 1006 1412 lautia,
1030 1358 1119 1421 puae
1140 1334 1391 1431 manerosp'ae-

58 1446 143 1498 rans
169 1431 297 1519 legatie
324 1443 528 1495 exterorum
559 1431 740 1495 nationum
767 1430 847 1493 dari
874 1430 978 1495 solita
1006 1452 1072 1514 per
1098 1444 1316 1517 qseaeatorea,
1346 1454 1390 1507 ex

57 1528 263 1593 Pintarcboa
298 1526 350 1589 An
379 1538 499 1588 tantum
526 1525 590 1589 hoc
620 1546 730 1587 munus
759 1534 847 1599 erat,
883 1525 934 1587 cui
964 1535 1152 1609 quaestores
1182 1524 1296 1611 urbani
1323 1544 1389 1591 non

57 1618 263 1687 sufficerent?
286 1634 317 1684 et
332 1642 408 1683 sane
429 1639 493 1683 non
513 1618 583 1685 sine
600 1639 694 1682 causa
717 1618 911 1683 Plutarchus
932 1617 964 1683 in
987 1619 1105 1683 Probi.
1128 1639 1188 1701 per
1202 1632 1391 1703 quaestores

57 1714 128 1780 dari
148 1715 243 1779 solita
266 1714 362 1777 lautia
385 1714 514 1789 scribit,
539 1735 602 1776 non
624 1735 683 1795 per
697 1726 926 1798 quaestorem,
951 1715 1039 1797 quod
1060 1711 1107 1775 itii
1124 1712 1172 1776 rei
1192 1734 1257 1779 non
1282 1724 1391 1801 certus

57 1808 186 1895 qnidam
210 1819 379 1893 quaestor,
402 1810 458 1871 sed
479 1807 590 1872 urbani
612 1818 799 1893 quaestores
819 1817 1016 1891 praeessent.
1049 1806 1251 1873 Fenusrrns.

296 1978 472 2041 Turenum
493 1976 535 2040 de
557 1977 726 2061 rogandis
748 1976 863 2041 decem
885 1975 1033 2041 triburiis
1051 1977 1155 2061 plebi.

144 2122 212 2195 ,L.
236 2116 448 2197 Trebonius,
479 2116 749 2201 tribunusplebis
772 2119 815 2198 (a.
837 2138 870 2182 u.
892 2140 922 2180 c.
946 2117 1058 2197 305.),
1090 2117 1224 2183 inlestus
1245 2119 1389 2202 patribus

57 2215 148 2298 qnod
164 2234 199 2276 se
216 2213 257 2275 ab
270 2211 308 2274 iis
323 2210 563 2297 in'cooptandis
583 2211 720 2276 tribunis
737 2214 850 2277 fraude
866 2223 1013 2294 captum,
1035 2211 1198 2294 proditum
1216 2236 1233 2278 a
1253 2214 1387 2301 collegia

58 2311 181 2386 aiebat,
216 2304 420 2390 rogationem
447 2304 537 2379 tulit,
572 2317 612 2367 ut
640 2309 700 2393 qui
725 2309 858 2392 plebem
889 2309 1083 2371 Romanam
1115 2308 1274 2373 tribunos
1297 2309 1390 2392 plebi

56 2413 221 2491 rogaret,
255 2399 417 2484 iensque
442 2421 484 2463 eo
511 2410 655 2482 rogaret
684 2400 767 2464 dum
789 2402 904 2465 decem
932 2400 1091 2464 tribunos
1113 2402 1205 2484 plebi
1220 2400 1386 2495 sacerets

56 2500 111 2579 (ne
132 2496 274 2571 seilicet,
297 2494 324 2558 si
341 2494 445 2559 minus
458 2497 565 2557 decem
588 2492 706 2557 tribuni
728 2494 804 2558 lacti
820 2505 942 2570 essent,
967 2494 988 2558 ii
1003 2495 1062 2558 sibi
1077 2496 1219 2582 collegas
1234 2509 1389 2580 cooptare

54 2596 222 2676 possent3)
236 2589 491 2672 insectandisque
506 2588 669 2669 patribus,
688 2593 770 2653 trude
788 2592 924 2675 Aspero
940 2589 1032 2654 etiam
1050 2589 1183 2655 inditum
1199 2604 1247 2657 est
1265 2582 1389 2678 cogno·

55 2708 149 2763 rnen,
173 2684 366 2748 tribunatum
390 2684 526 2769 gessit.”
560 2683 637 2746 Lir.
661 2683 728 2747 Ill.
752 2683 805 2748 65.

145 2778 319 2863 „Comitiis
345 2778 546 2842 tribunorum
569 2776 670 2861 plebis
693 2779 737 2855 (a.
761 2799 793 2842 u.
816 2778 906 2859 353.)
927 2800 1076 2844 numerus
1101 2780 1223 2864 expleri
1248 2782 1385 2867 nequiit.

57 2888 236 2962 pugnatum
255 2873 345 2950 inde,
370 2873 400 2935 iu
424 2873 494 2937 inca
517 2892 617 2934 vacua
638 2883 672 2933 ut
694 2870 821 2953 patricii
843 2885 1090 2956 cooptarentur.
1112 2886 1280 2959 postquam
1301 2876 1388 2942 obtis

58 2972 128 3036 neri
153 2991 219 3034 non
240 2978 383 3051 poterat,
415 2978 518 3030 tamen
541 2964 777 3029 labefactandae
804 2968 881 3053 legis
905 2969 1097 3035 Treboniae
1119 2990 1213 3033 carisa
1239 2970 1386 3034 effectum

58 3077 124 3142 est,
153 3076 188 3127 ut
214 3073 442 3145 cooptarentur
464 3060 582 3123 tribuni
607 3059 710 3140 plebis
736 3059 779 3125 C.
801 3062 957 3126 Lacerius
982 3074 1012 3126 et
1038 3065 1089 3127 M.
1118 3064 1274 3143 Acutius,
1302 3066 1387 3129 haud

56 3158 154 3224 dubie
176 3157 384 3241 patriciorum
409 3154 558 3238 opibus.”
603 3153 680 3218 Liv.
705 3156 751 3218 V.
777 3158 828 3219 10.
852 3158 896 3220 cs.
921 3179 950 3220 c.
977 3160 1014 3220 11
1040 3169 1071 3221 et
1093 3160 1145 3223 12.
1222 3156 1247 3219 1

363 3327 538 3389 Turenum
560 3323 601 3387 de
621 3325 810 3408 provinciis
830 3328 1080 3394 consularibus.

144 3467 222 3543 ,M-
243 3465 327 3532 Cato
350 3488 420 3530 cum
437 3467 541 3549 legem
558 3464 740 3548 impediret,
766 3490 827 3551 qua
843 3468 1028 3550 provinciae
1049 3470 1231 3535 consulibus
1247 3470 1278 3535 in
1293 3471 1386 3557 quin·

56 3561 248 3649 quenninm,
281 3559 442 3642 Pompeio
469 3559 659 3641 Hispaniae,
696 3559 818 3627 Crasso
843 3563 953 3642 Syriae
977 3575 1008 3626 et
1033 3565 1219 3631 Parthicum
1248 3567 1383 3644 bellum,

56 3655 193 3723 Caesari
218 3656 321 3720 Gallia
350 3665 381 3718 ct
411 3652 581 3718 Germania
611 3656 786 3732 dabantur,
821 3677 839 3718 a
868 3661 904 3723 G.
932 3659 1105 3723 Trebonio
1130 3660 1259 3724 tribuno
1284 3660 1385 3744 plebis

55 3755 103 3830 (a.
129 3751 295 3832 u.'b98.),
329 3749 408 3835 legis
435 3760 586 3824 auctore,
621 3748 653 3810 in
677 3748 802 3813 vincula
827 3753 939 3814 ductus
969 3752 1051 3815 est.''
1095 3753 1172 3818 Liv.
1196 3755 1286 3837 Epit.
1310 3752 1387 3819 CV.

58 3842 165 3912 Coos.
187 3844 268 3911 Dio.
292 3843 387 3910 Cass.
410 3844 581 3910 xxxix.
604 3841 658 3905 33.
703 3843 870 3911 Plutarch.
896 3842 979 3909 Cato
1004 3843 1079 3909 min.
1104 3846 1156 3910 13.

626 4021 826 4085 Tutsuuscts

56 4166 113 4231 lex
135 4163 252 4228 dicitnr
267 4162 467 4247 saepissime,
492 4165 580 4249 quod
600 4183 709 4228 omnes
732 4161 851 4240 sciunt,
877 4185 957 4247 quae
979 4184 996 4227 a
1019 4164 1148 4229 tribuno
1167 4164 1227 4229 tata
1244 4175 1308 4240 est3
1329 4171 1387 4232 sed

57 4261 137 4324 iiind
152 4259 362 4343 neglexerunt
385 4279 512 4331 omnes,
537 4278 621 4341 quos
639 4255 720 4330 vidi,
745 4257 1015 4336 animadvertere,
1038 4260 1257 4325 tribuniciam
1275 4264 1387 4345 legem

57 4353 120 4418 dici
144 4353 238 4416 etiam
262 4374 348 4428 eam,
373 4374 466 4436 qnam
483 4350 658 4433 Pompeius
672 4351 744 4415 tulit
765 4352 807 4415 de
828 4352 976 4415 tribunis
998 4352 1198 4431 reficiendis
1214 4366 1386 4436 potestate

52 4448 226 4535 pristina,
262 4469 355 4532 quam
377 4448 414 4510 iis
438 4445 608 4512 Cornelius
633 4445 720 4508 Sulla
746 4447 915 4508 ademerat.
937 4448 1015 4510 Act.
1038 4449 1067 4511 Ι.
1091 4449 1122 4508 in
1145 4447 1246 4512 Verr.
1269 4471 1300 4511 c.
1325 4451 1385 4514 iba

59 4543 187 4610 Vident
209 4541 321 4605 adhuc
338 4554 421 4625 post
443 4543 544 4624 legem
567 4539 767 4604 tribuniciam
791 4542 896 4624 (quam
912 4561 959 4602 sc.
975 4540 1150 4622 Pompeius
1172 4542 1256 4621 tulit)
1278 4564 1386 4609 unum

56 4649 256 4702 uectorem
278 4641 329 4701 nel
349 4637 588 4701 tenuissimum
606 4654 679 4699 esse
694 4635 909 4697 damnatum.
954 4635 1006 4697 Sic
1020 4635 1186 4699 iudicium
1198 4638 1386 4703 Iunianum

56 4730 243 4816 significare
265 4742 373 4812 potest
399 4751 462 4795 non
487 4730 607 4805 solum,
643 4731 731 4811 quod
756 4727 919 4803 exercuit,
953 4731 1003 4792 eni
1030 4730 1167 4814 praefuit
1192 4731 1318 4811 innius,
1354 4744 1386 4796 et

55 4825 104 4892 sic
129 4837 180 4891 est
201 4825 235 4889 in
256 4822 462 4902 Cluentiana3
489 4826 546 4890 sed
570 4822 664 4890 etiam
690 4825 778 4910 quod
802 4822 863 4890 iuit
884 4825 924 4891 de
945 4824 1058 4904 Iunio,
1080 4826 1112 4891 in
1137 4847 1203 4915 qno
1226 4849 1303 4895 reus
1323 4827 1386 4895 tuis
