3202 5318
712 281 861 347 INDEX

552 421 637 506 Quis
666 423 810 487 inermum
819 421 1040 516 florentibus
1067 421 1180 485 herbis

344 523 529 601 spargeret
552 530 613 582 aut
634 517 737 603 uiridi
749 516 880 608 fontes
901 517 1077 580 induceret
1103 516 1254 580 umbra?

135 612 222 675 Idem
249 610 321 677 Eel.
349 613 415 677 Vl.
437 612 497 675 62:

148 700 150 705 ’
344 709 438 771 Dum
460 707 722 771 Phaetontiades
745 727 865 794 miesco
886 707 1076 770 circumdat
1094 727 1237 769 amarae

343 800 506 877 Corticis,
536 813 638 886 atque
661 802 736 865 solo
755 822 922 882 proceras
944 800 1050 884 erigit
1070 803 1180 865 alnos.

133 894 206 957 Hae
227 903 300 957 erint
321 897 578 981 p‘onoypucptur,
605 908 635 959 ct
656 895 778 977 ripulac
795 896 893 957 adeo:
919 894 1023 957 viridi
1031 892 1162 985 sontes
1180 894 1358 958 induceret
1379 914 1454 958 um·

133 989 214 1052 bra:
239 989 414 1055 cuiusmodi
434 988 701 1074 descriptionibus
722 989 807 1072 pleni
835 1001 908 1051 stunt
928 994 1059 1073 poe'tac.
1103 992 1213 1061 Ean„

784 1173 818 1219 V*

773 1222 819 1256 Δ.

218 1364 477 1453 Σαλακῶνισμα.
523 1412 538 1440 „
549 1366 659 1430 Altera
686 1366 821 1450 epistola
848 1367 886 1428 de
912 1366 1052 1429 llladaro
1078 1363 1214 1447 scripta,
1250 1368 1335 1449 apud
1363 1388 1455 1451 φησι

134 1461 254 1526 nullum
275 1460 513 1544 σαλακῶνισμα
535 1462 549 1542 (
557 1462 658 1546 volgo
685 1461 934 1544 φαλάκρωμα),
959 1469 993 1521 ut
1015 1471 1121 1542 putas.
1133 1459 1151 1486 ''
1195 1461 1234 1523 at
1255 1462 1329 1524 Au.
1354 1462 1455 1527 xlv.

135 1558 172 1635 2,
207 1556 241 1619 2.
285 1555 535 1639 Σαλακῶνισμα
564 1557 697 1619 debetur
728 1556 757 1618 l.
786 1557 825 1618 F.
851 1552 1039 1628 Gronovio‚
1070 1553 1158 1616 errius
1182 1554 1349 1619 adnotatio
1367 1556 1406 1617 ul
1424 1554 1456 1621 Ιι.

132 1653 159 1716 l.
189 1653 269 1714 hacc
298 1661 365 1713 est:
406 1649 515 1713 Editio
547 1651 588 1714 P.
618 1649 760 1713 Victorii
793 1670 923 1732 quoque
956 1669 1034 1730 prae
1067 1669 1101 1711 se
1131 1647 1195 1710 fert
1230 1650 1455 1739 φαλάκρομα.

134 1746 350 1828 Σαλάκωμα,
383 1745 471 1826 quod
496 1757 544 1807 est
569 1743 601 1806 in
624 1745 731 1820 Mas,
766 1742 846 1806 icrri
875 1764 939 1807 non
969 1753 1089 1824 potest.
1143 1743 1308 1809 Σαλάκων
1332 1744 1456 1826 qtrislcrn

135 1837 301 1918 Hesychia
330 1847 378 1900 est
407 1838 532 1917 πτωχὸς
559 1838 704 1918 ἀλαζών,
736 1837 789 1920 qui
817 1849 1009 1900 ostentator
1033 1827 1242 1920 pecuniosus
1267 1837 1396 1903 arietari
1419 1838 1457 1901 ul

134 1935 282 2021 Herenn.
311 1933 376 1996 IV.
398 1933 454 2007 50,
480 1932 532 1995 63.
557 1931 685 2017 dicitur.
730 1932 792 1995 Sed
811 1931 885 1994 hine
899 1954 963 1996 non
979 1943 1085 2014 potest
1103 1931 1241 1995 derivari
1261 1934 1456 2018 οαλάκωμα.

135 2029 259 2090 Verum
279 2047 296 2089 a
319 2027 473 2092 σαλάκων
495 2024 657 2090 descendit
671 2032 868 2103 ,σαλακωνία
890 2039 920 2088 et
943 2035 1175 2106 σαλακωνίςειν
1191 2038 1222 2089 et
1237 2032 1455 2094 σαλακωνείπ.

135 2123 229 2206 Ergo
252 2127 443 2186 σαλακωνία
468 2121 518 2183 vel
540 2120 779 2207 σαλατιιιίνισμα
802 2121 983 2203 legendum.
1028 2120 1229 2200 Hesychius:
1253 2122 1456 2191 Σαλακανία

135 2219 155 2296 ἦ
181 2226 216 2282 ἐν
237 2227 331 2298 πενίᾳ
347 2218 531 2295 ἀλαζονεία.
576 2216 757 2279 Menander
779 2216 816 2277 ad
838 2213 1008 2293 Glyceram
1031 2217 1079 2296 (p.
1104 2213 1179 2277 sta.
1203 2217 1253 2278 cd.
1279 2216 1457 2297 Meinck.):

136 2310 248 2377 Οἶσθα
272 2311 337 2399 γάρ
363 2337 428 2396 μου
457 2311 514 2387 τὰς
539 2311 688 2390 συνήθεις
712 2313 905 2384 ἀσθενείας,
936 2312 976 2384 ἂς
1000 2317 1034 2373 οἱ
1055 2309 1101 2393 μὴ
1128 2313 1297 2390 φιλοῦντές
1318 2337 1361 2396 με
1386 2336 1457 2399 τρο-

85 2467 91 2478 ,
137 2405 205 2487 φὰς
230 2417 287 2471 καὶ
312 2412 520 2481 σαλακωνίας
539 2412 649 2471 καλεῖν
675 2404 821 2470 εἰώθασι.
866 2404 973 2468 Nosti
990 2425 1084 2465 meas
1104 2414 1287 2467 consuetas
1306 2403 1457 2482 infermi·

137 2511 243 2574 tates,
267 2520 353 2584 quas
373 2499 433 2584 qui
458 2520 527 2563 uon
544 2512 663 2562 amant
686 2522 739 2562 mc
757 2499 898 2562 delicias
918 2510 951 2560 ct
969 2499 1215 2562 ostentationes
1235 2520 1360 2564 vocare
1381 2520 1458 2565 con·

138 2605 334 2658 sueverunt.
379 2595 441 2657 Est
461 2605 565 2656 niuem
593 2594 688 2676 apud
706 2615 806 2677 quem
832 2595 927 2654 nulla
944 2599 1152 2667 σαλακωνία,
1177 2595 1259 2674 apud
1281 2603 1374 2676 qrreu
1396 2614 1457 2658 non

140 2697 292 2770 exceptus
309 2709 376 2749 sum
395 2688 534 2751 molliter
555 2701 586 2751 et
606 2688 785 2762 luxuriose,
816 2699 849 2748 ut
873 2690 915 2749 ab
940 2697 1136 2750 ostentatore
1161 2685 1313 2768 pecuniae
1339 2698 1372 2750 et
1392 2687 1458 2751 lan·

140 2779 300 2856 titiarum,
323 2782 587 2865 quaemadmodum
615 2795 648 2844 tu
674 2779 842 2845 existimas.
867 2815 929 2826 -·
952 2779 1051 2844 Coul.
1078 2803 1104 2845 s.
1124 2803 1157 2843 v.
1180 2781 1404 2870 Φαλάκρωμα.

225 2875 425 2962 Σεμνότερός
448 2903 494 2951 τις
512 2887 569 2940 καὶ
590 2875 851 2962 πολιτικώτερος,
876 2873 1020 2960 grauior·
1038 2874 1311 2959 auctoritateque
1328 2878 1458 2959 pollen·

141 2968 210 3033 tior
228 2978 261 3031 ct
279 2969 380 3031 rebus
406 2968 560 3032 ciuilibus
579 2970 770 3033 tractandis
794 2970 1101 3053 accommodatior,
1154 2969 1258 3050 „Fuit
1281 2968 1364 3031 enirn
1388 2968 1458 3034 mihi

141 3063 361 3138 commodum,
396 3064 483 3145 quod
512 3062 543 3124 in
574 3064 620 3125 eis
649 3062 862 3140 orationibus,
899 3085 980 3148 quac
1012 3062 1210 3145 Philippicae
1242 3063 1459 3136 nominantur,

142 3154 297 3218 enituerat
319 3155 398 3218 civis
416 3155 471 3220 ille
491 3166 564 3219 tuus
586 3157 837 3229 Demosthenes,
866 3168 896 3220 et
920 3159 1007 3240 quod
1032 3176 1067 3219 se
1091 3158 1130 3219 ab
1152 3157 1216 3221 hoe
1238 3156 1460 3225 refractariolo

143 3245 281 3311 iudiciali
300 3246 423 3311 (licendi
450 3269 567 3334 genere
591 3249 794 3328 abiunxerat,
821 3263 854 3313 ut
870 3251 1061 3338 σεμνότερός
1076 3279 1122 3328 τις
1142 3263 1198 3317 καὶ
1216 3251 1461 3339 πολιτικώτερος

143 3341 326 3418 videretur,
357 3364 486 3420 currere,
516 3353 551 3405 ut
573 3366 658 3407 meac
682 3366 810 3428 qrroque
834 3358 937 3408 esseut
963 3344 1143 3423 orationes,
1175 3366 1255 3430 quac
1277 3348 1463 3415 consulares

144 3435 420 3503 nominarentur.”
463 3441 503 3501 ad
521 3438 593 3501 Att.
616 3440 662 3503 ll.
685 3442 721 3514 1,
746 3440 778 3502 3.

228 3531 328 3614 Σῆμα
351 3536 388 3596 δέ
406 3558 455 3597 τοι
475 3543 571 3617 ἐρέω,
598 3533 743 3615 Signum
757 3547 873 3598 autern
888 3536 951 3599 tibi
966 3535 1090 3598 dicam.
1114 3537 1153 3597 ad
1171 3536 1242 3598 Au.
1259 3533 1326 3597 lv.
1348 3537 1405 3613 13,
1431 3540 1462 3603 l.

229 3625 530 3712 Σηστιωδέστερον,
561 3627 674 3711 magis
698 3628 802 3691 Sestii
823 3647 929 3693 more.
975 3629 1113 3714 „ltaque
1139 3627 1214 3691 nihil
1242 3650 1379 3714 unquam
1400 3631 1465 3719 legi

144 3716 298 3800 seriptum
323 3721 629 3807 σησαωδίσιερον.”
674 3722 712 3783 ad
736 3721 806 3784 Art.
830 3721 912 3786 vll.
938 3725 995 3800 17,
1021 3723 1052 3785 2.
1076 3725 1108 3786 h.
1134 3744 1164 3786 e.
1186 3722 1286 3806 magis
1311 3723 1464 3791 insulsum

147 3811 372 3898 evirigidum,
407 3813 554 3877 utfaeile
583 3836 623 3876 ex
649 3813 720 3895 ipso
747 3816 821 3879 loco
846 3814 979 3899 intelligi
1009 3830 1126 3901 potest.
1179 3815 1347 3891 contat
1373 3818 1466 3885 Fam.

145 3907 228 3972 vll.
250 3907 303 3982 32,
330 3911 366 3970 1:
413 3908 494 3988 „Ais
522 3906 615 3982 euim,
644 3920 677 3970 ut
703 3930 766 3993 ego
792 3910 1001 3989 discesserim,
1030 3912 1132 3976 omnia
1155 3911 1293 3974 omnium
1309 3909 1411 3991 dieta,
1434 3914 1466 3977 in

144 4001 194 4064 his
224 4001 316 4063 etiam
341 4002 517 4078 Sestiana,
545 4002 576 4064 in
600 4023 648 4065 rue
669 4003 851 4066 conferri.’'

230 4096 409 4178 Σίλλυβοι,
435 4096 577 4159 indices.
627 4096 699 4178 „Iis
728 4097 884 4179 imperes,
919 4111 952 4162 nt
974 4113 1098 4164 stimant
1124 4102 1390 4180 membranulam,
1425 4125 1466 4167 ex

143 4210 204 4273 qua
225 4188 343 4255 indices
369 4188 463 4265 fiant,
487 4210 571 4275 qaros
597 4211 656 4255 vos
678 4191 814 4269 Graeci,
838 4204 873 4255 ut
895 4194 1031 4277 opinor,
1062 4196 1235 4279 σιλλῦβους
1258 4196 1467 4278 appellatis.”

144 4280 186 4347 at
207 4285 281 4349 Art.
306 4285 369 4367 IV.
395 4285 469 4359 ta,
506 4288 537 4346 l.
568 4284 621 4347 ubi
649 4282 732 4348 laiso
755 4285 921 4371 legebatur
943 4290 1121 4372 σύλλαβοι,
1156 4289 1214 4353 nisi
1237 4292 1324 4372 quod
1349 4310 1404 4374 ep.
1432 4292 1465 4355 5.

142 4388 176 4439 et
202 4376 235 4440 8.
262 4378 378 4462 legitur
407 4378 572 4464 aittybac,
603 4379 763 4461 σιττύβαι.
816 4381 898 4462 [His
919 4404 1048 4466 quoque
1071 4382 1149 4448 locis
1172 4404 1255 4446 ntrnc
1276 4394 1366 4448 recte
1389 4383 1468 4448 seri-

141 4470 249 4543 bitur,
274 4470 413 4536 sciliceta
437 4471 693 4547 ,Bibliotheeam
720 4473 794 4537 mihi
817 4475 862 4538 tui
886 4476 1054 4559 pinxerunt
1083 4475 1324 4543 construetione
1353 4489 1387 4541 et
1406 4478 1468 4542 ril-

145 4563 273 4650 lybis.”
295 4568 333 4627 ad
349 4567 420 4631 Art.
443 4568 507 4631 IV.
531 4570 571 4643 5,
596 4569 628 4632 3.
651 4601 692 4611 -
736 4570 848 4650 „Nihil
869 4571 1031 4634 venustius
1048 4592 1140 4656 qrram
1156 4571 1209 4635 illa
1227 4581 1280 4634 tua
1295 4582 1464 4654 pegmata,
1493 4558 1497 4567 ¹

143 4669 311 4741 postquam
336 4658 376 4721 mi
400 4659 535 4746 sillybis
557 4661 659 4727 libros
682 4661 892 4727 illustrarunt.
903 4664 922 4691 ”
966 4667 1005 4727 ad
1027 4667 1098 4729 Att.
1119 4666 1184 4730 IV.
1208 4666 1271 4738 8a,
1303 4662 1356 4745 3.]
1402 4662 1467 4746 Qui

141 4750 205 4815 siut
226 4757 397 4833 σιλλυβοι,
432 4753 502 4836 ipse
535 4759 630 4821 docet
659 4755 794 4835 Cicero,
829 4779 943 4841 nempe
965 4760 1238 4838 membranulae,
1272 4781 1321 4823 eac
1341 4757 1466 4845 οιιὶὺιιε
