3202 5318
193 269 256 343 262
366 280 368 285 '
676 265 832 334 lunssx
849 266 1034 337 Lucum.

281 410 497 496 „Agrariam
529 409 586 475 Τι’
620 411 796 479 Gracchus
827 407 928 493 legem
962 408 1101 474 ferebat.
1157 407 1259 472 Grata
1290 420 1360 472 erat
1382 409 1521 493 pnpnlo.

196 507 361 574 Fortunae
383 503 534 570 constitui
556 503 736 568 tenuiorum
758 502 959 566 videbantur.
1003 501 1197 567 Nitebantnr
1211 515 1322 568 contra
1338 502 1523 585 optimates,

85 654 88 663 .
149 663 154 674 ,
196 604 285 710 qood
300 611 337 666 et
359 598 549 667 discordiam
569 598 703 668 excitari
725 597 889 673 videbant,
914 610 964 674 et,
988 617 1059 660 cum
1076 596 1252 679 loerrpletes
1266 597 1525 680 possessionibus

195 692 351 761 diuturnis
376 704 598 771 moverentur,
628 690 762 777 spoliari
785 711 853 754 ram
879 689 1038 774 publicam
1048 691 1359 781 propugnatoribus
1387 692 1527 769 arbitra·

195 785 341 861 haume?
384 808 447 873 pro
470 786 575 853 Sestio
598 788 657 864 48,
684 785 757 853 103.

280 883 418 965 „Audes
443 881 556 959 cuam,
587 880 701 957 Rulle,
733 878 923 945 mentionem
953 879 1059 944 lacere
1080 878 1163 966 legis
1184 880 1435 965 Semproniae?
1467 901 1527 946 nec

195 989 228 1042 te
254 998 292 1042 ea
314 974 397 1041 lex'
389 997 457 1060 ipsa
480 985 680 1052 commonet,
713 973 897 1038 triumviros
924 974 999 1039 illos
1020 975 1174 1041 XXXV.
1198 975 1336 1041 tribuum
1366 975 1526 1062 suffragio

196 1093 266 1137 esse
288 1070 439 1136 creatos?
461 1071 597 1134 Etcum
620 1080 694 1132 tua
716 1069 773 1136 Ti
796 1045 943 1133 Gracchi
966 1069 1125 1154 aequitate
1148 1091 1186 1133 ac
1199 1073 1325 1154 pudore
1339 1071 1527 1156 longissime

196 1177 339 1232 remotus
358 1164 421 1242 sis,
443 1163 493 1239 id,
518 1166 604 1250 quod
627 1162 835 1227 dissimillima
853 1162 980 1227 ratione
995 1162 1114 1228 lactum
1135 1163 1194 1242 sit,
1219 1165 1356 1230 eodem
1347 1187 1418 1231 rure
1434 1179 1527 1251 putas

196 1280 266 1337 oste
287 1257 492 1343 oportere?'’
514 1260 552 1321 de
574 1258 639 1343 leg.
663 1277 734 1341 agr.
758 1256 807 1332 11,
833 1258 889 1334 12,
911 1257 965 1320 31.

282 1352 384 1423 Coni.
407 1353 599 1421 Plutarchus
620 1350 654 1417 in
676 1350 740 1416 vita
764 1349 819 1416 Ti.
844 1350 984 1416 Gracchi
1006 1374 1078 1437 cap.
1100 1353 1230 1418 8-14.

627 1569 844 1634 Semrnourua
867 1571 908 1636 C·
930 1569 1091 1635 Gracchi.

284 1725 436 1815 ,Ecquid
453 1741 520 1807 est,
544 1733 633 1816 quod
654 1740 716 1792 tam
739 1727 873 1811 proprie
896 1727 956 1791 dici
976 1728 1080 1812 possit
1098 1741 1202 1792 actum
1218 1728 1301 1806 eius,
1326 1730 1382 1816 qui
1397 1742 1527 1818 togatus

197 1826 230 1894 in
243 1847 280 1901 re
300 1825 426 1908 publica
441 1846 511 1889 euro
527 1835 687 1907 potestate
709 1822 909 1907 imperioque
932 1834 1077 1887 versatus
1099 1824 1158 1900 sit,
1183 1845 1277 1909 quam
1302 1823 1376 1888 lex?
1400 1825 1529 1907 Quaere

197 1931 267 1991 tcta
291 1918 446 1984 Gracchi:
468 1919 556 2005 leges
577 1917 802 2001 Semproniae
824 1917 1065 2000 proferentur.”
1084 1955 1086 1960 ·
1107 1917 1251 2001 Philipp.
1275 1918 1306 1984 Ι.
1330 1922 1365 1995 7,
1392 1919 1446 1985 18.

283 2016 348 2097 „a
372 2015 568 2089 Gracchus,
594 2010 717 2077 Tiberii
732 2009 849 2089 frater,
872 2011 1140 2105 tribunusplebis
1163 2015 1207 2093 (ι.
1222 2034 1256 2075 ιι.
1274 2034 1304 2077 ο.
1322 2013 1433 2095 otu),
1458 2014 1527 2077 elo-

197 2107 348 2197 quentior
367 2129 460 2191 quain
483 2107 601 2182 irater,
635 2105 833 2191 perniciosas
854 2107 976 2194 aliquot
1001 2106 1091 2191 leges
1112 2107 1202 2184 tulit,
1236 2106 1319 2172 inter
1342 2130 1422 2194 quas
1433 2107 1528 2203 sru-

197 2200 421 2279 mcntarinm,
455 2213 491 2266 ut
517 2201 645 2271 semisse
672 2212 704 2265 et
732 2199 847 2264 triente
870 2200 1063 2266 frumentum
1093 2200 1178 2285 plebi
1208 2204 1357 2278 daretur3
1394 2203 1527 2270 alteram

198 2296 302 2385 legem
323 2293 522 2383 agrariam,
555 2319 648 2383 quam
672 2309 705 2360 et
726 2294 826 2361 frater
854 2294 921 2359 eius
943 2295 1079 2371 tulerat;
1112 2294 1237 2359 tertiam
1259 2295 1524 2382 (iudiciariam),

198 2412 260 2479 qua
279 2402 459 2476 equestrem
485 2391 648 2468 ordinem,
673 2400 750 2454 tunc
770 2413 841 2454 cum
863 2403 975 2455 senatu
996 2391 1264 2469 consentientem,
1288 2405 1524 2479 corrumperet,

197 2498 233 2551 ut
255 2483 399 2551 sexcenti
421 2506 463 2551 ex
489 2484 649 2569 equitibus
671 2483 703 2548 in
727 2485 847 2548 curiam
869 2487 1132 2571 sublegerentur,
1156 2497 1190 2549 et
1218 2485 1292 2572 quia
1318 2485 1380 2551 illis
1403 2499 1529 2572 tempo·

197 2579 285 2645 ribus
307 2579 441 2644 trecenti
468 2590 588 2643 tantum
612 2590 777 2644 senatores
805 2592 911 2656 erant,
944 2581 1086 2644 sexcenti
1112 2579 1235 2664 equites
1259 2580 1410 2645 trecentis
1435 2603 1528 2647 sena·
1591 2651 1595 2659 ,

197 2675 322 2743 toribus
350 2673 618 2752 admiscerentur,
654 2673 769 2749 idest,
804 2685 839 2736 ut
862 2685 1011 2760 equester
1042 2676 1124 2740 ordo
1145 2673 1195 2737 his
1217 2686 1336 2737 tantum
1361 2674 1474 2739 virium
1496 2674 1528 2738 in

196 2778 310 2837 senatu
325 2769 477 2833 haberet.
500 2780 531 2830 et
545 2766 731 2834 continuato
746 2767 776 2832 in
793 2767 926 2834 alterum
943 2790 1056 2832 annum
1075 2768 1256 2845 tribunatu,
1281 2767 1407 2853 legibus
1423 2788 1530 2854 agro·

199 2864 264 2932 riis
286 2864 357 2928 latis
378 2862 501 2938 effecit,
526 2872 561 2926 ut
586 2861 769 2944 complures
794 2862 941 2927 coloniae
963 2863 993 2927 iu
1020 2862 1112 2928 Italia
1136 2864 1384 2939 deducerentur,
1414 2874 1446 2925 et
1468 2883 1529 2926 una

197 2956 324 3025 incolo
348 2957 470 3025 dirutae
494 2953 715 3041 Carthaginis3
749 2977 815 3042 quo
839 2956 907 3041 ipse
930 2956 1077 3021 triumvir
1101 2970 1227 3021 creatus
1250 2956 1410 3022 coloniam
1430 2958 1529 3021 dedu·

188 3047 283 3133 ,aite’
328 3052 406 3116 [ιι.
430 3049 520 3135 Epic.
545 3053 622 3117 Lx.

286 3144 376 3227 ,Qui
405 3147 461 3228 (G.
490 3146 683 3227 Gracchus)
710 3167 780 3210 eum
811 3167 932 3211 summa
959 3145 1064 3229 quiete
1096 3146 1190 3210 anirni
1215 3145 1351 3212 civitatis
1376 3143 1528 3229 princeps

199 3261 269 3305 ease
291 3250 417 3322 posset,
444 3239 493 3304 vel
522 3239 727 3303 vindicandae
746 3239 907 3304 fraternae
931 3241 1042 3305 mortis
1064 3241 1167 3327 gratia
1190 3243 1242 3305 vel
1265 3241 1529 3325 praemuniendae

199 3334 317 3421 regalis
343 3331 505 3417 potentiae
529 3333 666 3397 ciusdem
694 3332 830 3416 exempli
854 3334 1048 3398 tribunatum
1075 3337 1256 3420 ingressus,
1287 3338 1385 3421 longe
1407 3335 1529 3399 maiora

199 3438 231 3493 et
253 3427 377 3492 acriora
403 3437 569 3511 repetens,
602 3428 696 3490 dabat
720 3427 879 3492 civitatem
901 3430 1049 3493 omnibus
1072 3429 1210 3507 Italicis,
1247 3432 1437 3494 extendebat
1459 3451 1528 3494 eam

199 3543 299 3606 paene
327 3542 429 3607 usquc
459 3519 571 3605 Alpis,
606 3521 767 3587 dividebat
793 3544 910 3608 agros,
948 3526 1075 3587 vetabat
1106 3546 1293 3610 quemquam
1321 3524 1425 3588 civem
1456 3524 1529 3607 plus

200 3615 381 3705 quingentis
405 3615 570 3701 iugeribus
589 3617 725 3692 habere,
749 3620 836 3701 quod
860 3618 1028 3701 aliquando
1055 3619 1126 3703 lege
1147 3618 1271 3682 Licinia
1295 3629 1421 3682 cautum
1442 3630 1527 3693 era13

199 3731 284 3777 nora
305 3712 521 3776 constituebat
540 3710 706 3792 portoria,
739 3712 831 3775 novis
855 3711 990 3776 coloniis
1012 3713 1158 3802 replebat
1182 3713 1383 3795 provincias,
1412 3712 1529 3785 iudicia

201 3827 220 3875 t
239 3817 349 3873 senatu
369 3804 584 3869 transferebat
604 3805 642 3867 ad
659 3804 797 3890 equites,
822 3805 1013 3869 frumentum
1036 3805 1123 3889 plebi
1143 3807 1213 3871 dari
1230 3806 1428 3883 instituerat;
1452 3807 1529 3872 nihil

200 3900 383 3975 immotum,
407 3897 484 3962 nibil
505 3898 725 3984 tranquillum,
757 3897 832 3964 nihil
858 3899 999 3983 quietum
1022 3899 1158 3986 denique
1182 3901 1213 3964 in
1236 3905 1347 3966 eodem
1370 3912 1455 3967 statu
1476 3922 1529 3964 re·

202 3995 376 4082 linquebat
378 3992 397 4018 ’'
428 3992 547 4057 Vellei.
571 3992 618 4057 11.
643 3993 678 4069 6,
704 3994 801 4058 3.-
824 3994 885 4069 „In
908 3994 1032 4080 legibus
1055 3997 1202 4060 Gracchi
1219 3995 1303 4060 iuter
1323 3993 1529 4079 perniciosis-

204 4089 298 4155 simas
314 4086 555 4163 numeraverim,
574 4089 660 4171 quod
675 4098 765 4153 extra
778 4087 901 4152 Italiam
917 4089 1060 4155 colonias
1071 4104 1191 4173 posuit
1196 4090 1346 4156 ”Velleh
1361 4090 1410 4156 11.
1430 4092 1482 4166 15,
1497 4092 1530 4202 1.

293 4185 365 4252 Τῶν
391 4176 500 4290 vo'puv
528 4173 585 4291 οὓς
613 4176 757 4274 ιισὲηιιρι
786 4184 830 4274 τῷ
832 4177 944 4294 ὃὴιιῳ
963 4182 1177 4272 χαριζόμενος
1198 4192 1253 4252 καλ
1275 4180 1450 4253 καταλυιιν
1472 4179 1533 4266 τὴν

205 4274 403 4364 σύγκλητον,
426 4269 519 4361 ὁμὲν
533 4299 574 4357 ην
594 4272 869 4384 κληρουχικὸς
890 4273 1057 4364 ἄναιέιιων
1072 4288 1141 4359 τοῖς
1155 4283 1269 4362 πένησι
1284 4278 1343 4362 τὴν
1358 4281 1533 4398 δημοσίαν,

207 4368 226 4441 ὁ
247 4373 282 4439 δὲ
306 4365 600 4481 στρατιωτικὸς
622 4363 754 4452 ἐσθητοὶ
775 4393 809 4434 τε
830 4365 965 4438 κελεύων
986 4376 1128 4464 δημοσία
1147 4376 1371 4466 χορηγεῖσθαι
1393 4380 1451 4441 καὶ
1471 4400 1535 4461 μη·

208 4468 262 4535 dlv
290 4459 335 4542 sic
364 4466 461 4532 τοῦτο
495 4465 554 4544 τῆς
589 4463 812 4574 μισθοφορᾶς
839 4458 1066 4558 incipendae
1094 4469 1157 4534 τῶν
1181 4471 1449 4578 στρατευομένων
1477 4473 1534 4535 καλ

207 4553 361 4667 νεώτεροι
382 4559 696 4628 trecentenarium
716 4554 761 4646 μὴ
783 4562 1031 4646 καταλέγεσθαι
1047 4557 1358 4651 repatriaremur
1380 4587 1535 4650 συμμα·

208 4647 324 4743 graie
337 4646 538 4763 ἰσοψήφους
558 4654 660 4722 ποιῶν
681 4657 749 4731 τοῖς
770 4656 920 4768 πολίταις
941 4654 1017 4739 τοὺς
1039 4653 1286 4742 Ἰταλιώταςᾙ
1270 4684 1289 4727 o
1316 4660 1352 4727 δὲ
1374 4653 1536 4739 attrahe

212 4744 405 4826 λιιινιινιζιιν
426 4753 495 4826 τοῖς
513 4751 628 4830 πένησι
649 4745 708 4831 τὴν
728 4745 869 4842 ἀγορὰν,
893 4747 912 4818 ὁ
934 4754 970 4818 δέ
991 4742 1299 4834 δικασιιιὸι,
1272 4780 1297 4845 ῳ
1320 4749 1360 4821 τὸ
1379 4755 1535 4823 uitiator
