3202 5318
199 277 263 397 iso
638 320 1039 389 mnnxnncnu.

59 522 63 529 .
200 468 325 555 positae
352 467 432 544 sint,
468 463 533 529 vid.
562 485 616 547 ap.
640 464 807 529 Plutarch.
836 463 868 527 io
893 462 971 526 Vita
996 459 1163 527 Ciceronis
1190 472 1222 524 et
1251 418 1338 525 Plin.
1363 460 1447 527 vlt.
1470 461 1525 525 30.

197 562 303 629 ubiv.
321 561 480 627 Harduin.
525 558 603 623 Eam
620 571 728 623 secuta
743 568 790 620 est
806 558 857 621 lex
872 558 965 624 Iulia
980 559 1019 620 de
1035 559 1143 620 eadem
1160 576 1208 620 re
1252 555 1337 620 Plio.
1352 555 1526 623 XXXlII.

200 656 230 723 2.
263 656 348 721 Ean.
392 652 492 721 Coos.
516 653 546 718 1.
569 651 698 736 Lipsius
721 654 761 715 ad
783 650 889 717 Tacit.
910 654 995 718 Αιιιι.
1018 652 1099 715 XV.
1123 650 1177 713 30.

467 831 580 895 anns
601 829 760 914 agraria.
803 829 881 894 Vid.
906 831 1067 892 Senvnna
1090 825 1249 912 agrario.

769 998 948 1062 Rnrruan.

286 1121 393 1199 ,Ciam
416 1134 542 1186 senatus
565 1120 742 1185 consultum
765 1118 990 1192 intercederet,
1021 1118 1111 1183 cuius
1133 1118 1280 1182 consulto
1302 1121 1341 1184 Ρ.
1366 1118 1528 1205 Rupiliam

201 1219 276 1303 (pro
299 1218 429 1283 constde
452 1238 483 1280 a.
507 1238 538 1282 ιι.
562 1215 653 1295 600.)
682 1216 720 1278 de
748 1214 855 1278 decem
879 1215 1056 1298 legatorum
1078 1215 1231 1277 sententia
1254 1214 1342 1298 leges
1365 1212 1397 1276 in
1420 1211 1527 1277 Sicilia

200 1313 424 1386 constitues-an
447 1332 517 1373 cnm
538 1330 647 1373 omnes
670 1320 742 1373 ante
765 1320 803 1371 te*
817 1317 998 1390 praetorem
1022 1307 1180 1389 Rupilias
1200 1309 1288 1392 leges
1307 1319 1338 1371 et
1358 1307 1388 1370 in
1411 1305 1527 1370 ceteris

199 1408 297 1472 rebns
319 1417 350 1467 et
371 1404 403 1468 in
425 1402 548 1467 indiciis
571 1401 705 1465 manime
727 1413 925 1465 servassent:
948 1414 982 1463 ιιι
1004 1423 1096 1464 aursus
1119 1421 1153 1463 es
1174 1423 1235 1483 pro
1257 1400 1356 1464 nihilo
1372 1420 1452 1482 prae
1475 1408 1526 1463 toa

201 1502 318 1583 praeda
337 1510 387 1563 tot
409 1519 460 1561 res
480 1494 692 1560 sanctissimas
715 1495 867 1558 ducere.''
895 1497 997 1559 Verr.
1021 1495 1069 1559 ΙΙ.
1094 1496 1149 1572 10,
1173 1496 1225 1558 to.
1248 1523 1288 1539 -
1312 1497 1402 1577 „Hic
1424 1505 1473 1558 cat
1487 1496 1526 1559 Ρ.

201 1593 382 1677 Rupilius,
416 1591 471 1675 qni
498 1594 656 1674 quondam
684 1612 725 1653 ex
750 1590 923 1672 publicano
947 1590 1049 1653 dictus
1073 1590 1186 1654 consul
1216 1602 1326 1671 postea
1353 1591 1393 1653 dc
1419 1586 1527 1653 'decem

201 1685 382 1770 legatorum
412 1684 564 1749 sententia
596 1685 685 1768 leges
718 1682 832 1746 Siculis
863 1683 1086 1767 conscripsit?
1144 1683 1466 1748 Pseudo-Asconius
1493 1704 1525 1765 p.

202 1778 277 1844 212.
299 1810 337 1823 -
364 1777 463 1844 conr.
490 1779 605 1842 Valer.
629 1779 725 1842 Max.
748 1776 811 1840 vl.
836 1778 872 1855 9,
895 1778 927 1840 8.

370 1938 536 2001 Ruernum
559 1936 600 2000 de
621 1934 815 2019 cooptando
836 1948 959 1999 senatu
980 1937 1272 2002 Heracliotarum.

285 2059 360 2133 ,Eo
386 2080 515 2143 quicque
544 2059 756 2137 (Heracliam)
787 2058 923 2121 colonos
945 2060 984 2123 Ρ.
1008 2059 1170 2142 Rupilius
1193 2058 1340 2133 deduxit,
1377 2060 1527 2146 legesque

201 2152 317 2219 similes
340 2153 479 2238 (legibus
503 2152 676 2235 Scipionis)
698 2153 737 2214 de
760 2155 943 2233 cooptando
973 2164 1083 2215 senatu
1105 2166 1136 2216 et
1158 2156 1197 2216 de
1222 2175 1355 2218 ostmero
1385 2169 1527 2219 veterum

202 2269 240 2311 ac
261 2269 421 2313 novorum
444 2245 565 2311 dedit.’'
609 2247 711 2310 Verr.
735 2245 783 2309 ll.
806 2248 864 2321 5⁰,
891 2244 964 2310 105.

370 2406 517 2470 Rueensa
539 2405 581 2469 de
602 2404 754 2469 iudiciis.

287 2532 350 2605 ,Ρ.
372 2528 535 2613 Rupilius
556 2527 644 2615 leges
670 2527 712 2590 ita
734 2528 847 2593 Siculis
870 2550 910 2592 ex
931 2540 1058 2593 senatus
1083 2530 1231 2594 consulto
1251 2531 1288 2593 de
1311 2534 1419 2595 decern
1440 2532 1528 2617 lega·

201 2636 306 2690 torum
328 2624 481 2687 sententia
502 2622 604 2697 dedit,
629 2636 661 2686 nt
681 2623 768 2685 cives
788 2622 871 2687 inter
891 2645 959 2687 sese
983 2624 1106 2707 legibus
1128 2624 1191 2687 suis
1215 2624 1380 2709 agerent.”
1424 2628 1525 2691 Vere.

202 2719 259 2783 tin.
284 2717 332 2783 11.
356 2718 394 2780 nt
404 2763 415 2796 ,
439 2719 491 2780 90.
516 2752 556 2763 -
578 2717 703 2797 „Siculi
723 2717 786 2780 hoc
807 2717 876 2781 inre
893 2729 983 2795 stent,
1009 2729 1057 2794 nt,
1080 2719 1168 2800 quod
1186 2719 1310 2782 Siculus
1329 2741 1400 2782 cnm
1417 2720 1526 2786 Siculo

201 2833 266 2876 non
289 2810 427 2874 eiusdem
451 2809 589 2874 civitatis
612 2812 729 2895 (agat),
766 2813 804 2873 de
831 2832 870 2875 eo
897 2821 1029 2893 praetor
1050 2811 1166 2874 iudices
1189 2834 1229 2875 ex
1253 2817 1289 2877 P.
1311 2815 1444 2897 Rupilii
1473 2816 1527 2878 de-

171 2919 174 2929 '
201 2917 310 2979 creto,
345 2907 433 2988 qstod
456 2905 481 2967 is
504 2907 541 2968 de
564 2908 671 2968 decem
696 2905 873 2987 legatorum
898 2905 1051 2968 sententia
1073 2905 1198 2982 statuit,
1234 2928 1326 2990 quam
1353 2907 1397 2971 illi
1423 2909 1526 2991 legem

201 2997 377 3081 Rupiliam
401 3010 533 3075 vocant,
559 2996 744 3061 sortiatur.”
790 2999 889 3061 Verr.
914 3000 961 3063 Il.
986 2999 1040 3075 13,
1064 2999 1116 3063 00.
1139 3033 1179 3044 -
1212 3002 1363 3080 „interea
1386 3003 1453 3065 dies
1473 3006 1527 3065 ad·

202 3093 305 3168 venit,
331 3114 396 3176 qino
415 3093 465 3155 dic
484 3115 553 3157 sese
576 3114 616 3155 ex
639 3091 781 3158 instituto
802 3116 840 3158 ac
864 3094 933 3178 lege
955 3094 1096 3176 Rupilio
1117 3091 1201 3155 dieas
1223 3097 1410 3158 sortiturum
1431 3099 1529 3177 Syra-

202 3187 286 3250 cusis
312 3186 370 3249 iste
392 3187 552 3250 edixerat:
588 3201 716 3268 paratus
740 3189 780 3250 ad
807 3190 887 3249 hanc
916 3187 1015 3251 dicam
1043 3187 1234 3252 sortiendam
1257 3204 1398 3253 venerat.
1444 3194 1527 3254 Τιιιιι

202 3301 273 3355 eum
296 3282 389 3343 docet
415 3280 602 3355 Heraclius,
627 3301 691 3353 non
715 3302 810 3362 posse
831 3302 870 3345 eo
894 3281 944 3343 die
970 3281 1097 3358 sortiri,
1122 3284 1210 3365 qnod
1232 3281 1282 3345 lex
1307 3285 1451 3368 Rupilia
1473 3307 1527 3347 ve·

202 3385 284 3437 taret
306 3372 417 3438 diebus
440 3375 557 3438 XXX.
581 3371 690 3459 sortiri
713 3374 832 3451 dicam,
857 3374 970 3459 quibus
991 3376 1109 3458 scripta
1129 3375 1246 3440 esset.²'
1289 3376 1388 3441 Vere.
1407 3379 1454 3443 ll.
1473 3381 1523 3453 15,

202 3467 256 3532 tt.
301 3466 356 3533 Cl.
380 3468 426 3533 lt.
451 3467 509 3545 13,
534 3468 588 3532 dl.
612 3467 657 3533 ll.
682 3469 740 3547 15,
762 3467 816 3532 08.
840 3468 890 3533 11.
915 3469 973 3545 16,
998 3468 1050 3534 39.
1073 3469 1121 3534 11.
1146 3474 1205 3547 17,
1231 3470 1283 3533 00.
1314 3470 1362 3535 11.
1388 3474 1447 3549 18,
1473 3474 1524 3535 11.

201 3560 250 3627 11.
274 3561 331 3640 01,
356 3561 410 3627 09.

373 3722 521 3785 Rursus
542 3719 585 3784 de
606 3743 644 3785 re
654 3718 915 3812 frumentaria.

289 3843 496 3930 ,Segestam
519 3842 591 3907 item
615 3845 654 3906 ad
676 3846 840 3906 immunem
859 3843 1038 3923 civitatem,
1062 3845 1222 3909 Venerius
1242 3847 1452 3926 Symmachus
1472 3851 1525 3913 de·

202 3950 353 4006 cumanus
375 3937 564 4002 immittitur.
609 3938 643 4002 is
665 3941 705 4000 ab
727 3936 789 4001 isto
813 3939 949 4017 (Verre)
972 3938 1093 4002 litteras
1116 3942 1227 4017 affert,
1262 3954 1294 4004 nt
1323 3941 1384 4005 sibi
1414 3956 1525 4007 contra

203 4033 309 4097 omnia
331 4044 459 4096 senatus
481 4031 642 4107 consulta,
668 4041 779 4095 contra
804 4032 909 4095 onmia
930 4034 1016 4109 iura,
1040 4045 1216 4116 contraque
1232 4034 1333 4118 legens
1349 4039 1527 4121 Rupiliam

202 4127 422 4192 exteriorum
446 4124 659 4190 vadimonium
681 4126 869 4209 pronrittant
892 4128 1094 4219 aratoresl’,
1115 4129 1217 4193 Verr.
1241 4129 1308 4193 ΙΙΙ.
1332 4130 1391 4207 10,
1416 4131 1469 4197 90.

777 4289 952 4351 Sncnarnz

202 4406 293 4492 leges
320 4410 380 4472 hae
411 4407 472 4472 diei
501 4419 651 4490 putantur
681 4407 864 4491 inprimis,
899 4430 981 4494 quae
1012 4410 1042 4473 in
1068 4422 1175 4475 monte
1203 4412 1303 4476 Sacro
1331 4433 1362 4475 a.
1393 4435 1427 4478 ιι.
1451 4413 1526 4489 060.

203 4502 382 4607 secessione
405 4503 515 4587 popnli
536 4502 638 4581 faeta,
674 4503 756 4567 latae
778 4516 867 4580 sunt,
900 4507 981 4568 node
1003 4503 1064 4589 ipsi
1084 4502 1130 4571 illi
1152 4507 1252 4570 monti
1275 4526 1388 4571 nomen
1412 4508 1526 4572 haesit.

203 4593 465 4774 Ian-„lkgissggh
484 4693 527 4755 de.
541 4691 712 4757 concordia
733 4705 900 4777 coeptum,
924 4712 1174 4776 concessumque
1194 4692 1223 4757 in
1243 4692 1467 4774 condiciones,
1493 4707 1528 4759 ut

203 4780 291 4868 plebi
314 4783 362 4846 sni
386 4782 587 4867 magistratus
609 4798 713 4851 essent
740 4786 954 4864 sacrosancti,
985 4787 1099 4872 quibua
1126 4786 1236 4853 anxilii
1265 4789 1342 4854 latio
1370 4791 1527 4855 adversus
