3202 5318
138 354 181 431 99
725 366 877 432 INDEX

129 504 269 600 fiaerit.
321 509 469 592 Explora
492 508 599 591 prius,
630 531 723 594 quam
747 530 818 571 etim
847 508 957 593 aliquo
988 504 1153 569 amicitiam
1184 504 1281 569 [aclas
1311 504 1470 590 fidenque

139 604 275 680 habeas,
279 609 466 711 qinomodo
490 627 523 666 se
546 626 623 688 erga
647 603 743 667 alios
751 603 870 666 auucos
895 601 1048 685 gesserit,
1074 622 1134 684 qua
1160 599 1251 662 tide
1243 621 1273 662 ru
1299 599 1379 661 alios
1402 599 1470 663 fue-

139 696 202 762 rit:
227 718 267 759 ex
288 698 471 781 praeceptis
492 696 693 781 Epicharmi
717 699 800 761 Ean.
824 698 931 776 adQ
956 698 999 758 l'.r
1017 694 1091 798 111.
1115 717 1167 779 ep.
1192 698 1263 787 §.c
1246 699 1338 770 e.,l
1372 696 1426 758 93.

222 790 335 858 Ιῑτῶθι
356 793 510 869 σεαυτόν,
545 815 645 856 ηοΝΝΝ
676 805 708 856 te
742 794 867 874 ipsam
923 748 1101 863 „Cesiator
1124 811 1192 852 esse
1217 789 1301 852 noli
1338 800 1370 851 et
1392 789 1471 851 ittnd

139 889 242 970 γνῶθι
265 888 403 954 σεαυτὸν
429 889 495 950 noli
526 899 639 970 putare
668 889 706 949 ad
734 887 950 970 arrogantiam
982 884 1178 949 minuendam
1202 884 1304 952 solum
1329 906 1399 946 esse
1423 884 1471 948 di-

138 992 243 1056 etum,
269 1001 380 1045 verum
404 982 495 1046 etiarn
518 993 554 1045 ut
576 982 660 1045 bona
685 995 793 1044 nostra
819 980 1000 1043 norinms.’'
1046 983 1084 1043 ad
1109 980 1212 1059 0.,1Ν.
1236 978 1301 1041 lll.
1325 981 1361 1052 6,
1396 984 1426 1041 l.

222 1064 377 1154 Γοητέία,
410 1075 640 1158 praestigiae,
666 1074 851 1152 fallaciae.
897 1076 995 1159 „Ego
1019 1084 1122 1136 autem
1147 1084 1295 1136 nontam
1318 1087 1471 1157 γοητείαν

135 1167 229 1231 huius
252 1168 368 1245 timeo,
394 1192 487 1254 quam
510 1169 774 1253 πειθανάμκην.”
819 1172 857 1232 ad
880 1171 951 1234 Au.
977 1170 1041 1232 IX.
1067 1170 1125 1244 13,
1157 1170 1189 1229 1.

222 1262 311 1330 Pam
334 1264 472 1351 κνήμης,
494 1286 588 1349 genu
609 1265 695 1328 tibia
717 1286 762 1328 sc.
784 1266 919 1346 propius
941 1277 1008 1338 est3
1041 1263 1267 1345 proverbium,
1290 1265 1380 1347 quod
1402 1286 1469 1327 eam

136 1355 203 1421 vim
226 1358 344 1434 habet,
380 1381 474 1443 quam
499 1360 725 1422 Terentianum
749 1359 850 1422 illud·
882 1359 1072 1423 Proximus
1101 1380 1179 1420 sum
1206 1370 1341 1439 egomet
1373 1359 1471 1422 milri.

138 1450 276 1516 Nostri:
315 1452 392 1518 Dae
414 1452 545 1518 Hemde
567 1455 612 1518 ist
634 1455 702 1517 mir
724 1456 832 1517 na'lrer
853 1456 906 1517 als
937 1453 997 1514 der
1028 1454 1136 1518 Roelr.
1190 1453 1270 1515 Vid.
1303 1450 1472 1535 Theocrit.

81 1597 82 1603 1
138 1544 234 1626 ldyll.
258 1546 359 1611 XVI.
386 1546 437 1610 18.
466 1549 550 1612 ΕΝΝ.
597 1551 667 1612 ΝΝΝ
697 1559 801 1610 tamen
835 1559 866 1610 te
889 1568 993 1611 avoco
1016 1569 1032 1608 a
1055 1569 1125 1626 syn
1117 1549 1302 1631 graphazy
1303 1546 1368 1613 όνυ
1398 1550 1473 1629 κνή-

135 1666 206 1723 μης.
251 1641 292 1703 ad
313 1641 404 1706 Fam.
428 1643 531 1707 XVI.
556 1644 614 1719 93,
640 1644 672 1708 9.

220 1734 365 1819 Γοργεῖα
390 1739 513 1821 γυμνά,
541 1741 658 1800 larvae
681 1738 809 1801 aradae.
855 1741 894 1800 ad
917 1739 988 1801 Art.
1012 1738 1081 1800 lv:
1100 1738 1157 1812 16,
1191 1735 1222 1799 9.
1269 1732 1319 1800 De
1343 1759 1476 1800 accusa·

138 1826 266 1892 toribus
297 1830 443 1907 Gabinii,
478 1831 533 1916 qui
562 1834 728 1896 absolutus
759 1845 844 1908 erat,
880 1835 984 1918 quod,
1021 1834 1285 1916 quemadmodum
1316 1833 1418 1894 nudae
1445 1843 1477 1894 et

138 1921 249 1986 inanes
272 1924 382 1987 larvae
405 1937 527 1989 terrent
548 1927 622 1991 illae
644 1927 783 2011 quidem,
808 1929 865 1989 sed
887 1927 958 1989 veri
981 1928 1083 1988 damni
1107 1926 1233 2009 quidem
1257 1926 1375 1988 allerre
1400 1925 1477 1993 nihil

139 2022 291 2100 possunt,
314 2017 357 2083 ita
381 2020 550 2083 Gabinium
575 2034 777 2085 accusatores
800 2032 1001 2096 terruerant,
1027 2020 1101 2083 nihil
1125 2022 1153 2082 ei
1176 2032 1364 2083 nocuerant.
1389 2021 1475 2084 ΕΝΝ.

225 2114 464 2198 Γυμνασιῶδη,
481 2128 583 2224 'apta
612 2116 879 2203 gymnasiam
881 2119 950 2194 ‚Tu
976 2114 1092 2191 velim,
1133 2114 1158 2177 si
1192 2135 1254 2200 qna
1289 2126 1477 2177 ornamenta

140 2209 353 2292 γυμνασιωδη
382 2208 526 2295 reperire
549 2211 694 2293 poteris,
728 2232 810 2295 qrrae
832 2211 897 2274 1οοί
920 2209 980 2274 sint
1005 2210 1088 2286 eius,
1120 2232 1213 2293 quern
1237 2223 1269 2272 tu
1293 2231 1357 2273 uon
1383 2211 1476 2294 iguo·

141 2322 214 2379 ras,
250 2325 288 2367 ne
311 2306 587 2387 praetermittaw'
630 2309 668 2368 ad
691 2308 764 2370 Aa.
789 2307 819 2371 1.
830 2310 879 2410 6,
915 2306 946 2370 9.
970 2339 1009 2348 -
1063 2305 1201 2385 „Genus
1224 2305 1288 2368 hoc
1310 2314 1358 2364 est
1383 2303 1476 2365 volu·

113 2397 235 2477 ‚ptatis
259 2420 369 2464 meae:
401 2421 483 2487 quae
506 2402 716 2487 μυμνασιωδη
741 2381 878 2464 maxiine
900 2411 990 2477 sunt,
1015 2420 1050 2463 ca
1075 2418 1210 2483 quaero.
1221 2395 1353 2461 ”Ibid.
1380 2396 1417 2471 9,
1442 2396 1475 2458 9.

670 2581 824 2662 'a

230 2778 408 2864 Δαίμονες,
440 2782 563 2843 Lares.
609 2779 728 2860 „Quos
751 2779 873 2843 Graeci
897 2785 1057 2863 δαίμονας
1080 2777 1257 2861 appellant,
1288 2774 1413 2852 nostri,
1444 2787 1479 2840 ut

85 2904 87 2909 ·
143 2869 281 2952 opinor,
315 2874 437 2948 Lares,
469 2873 494 2935 si
519 2874 613 2937 modo
638 2875 700 2937 ltoc
729 2885 817 2937 reete
847 2895 1038 2953 conversum
1064 2873 1165 2936 videri
1187 2881 1307 2954 potest.
1323 2869 1342 2893 ''
1388 2871 1492 2939 Tim..

142 2986 171 3028 c.
195 2967 247 3029 11.
271 2966 349 3029 Vid.
374 2968 605 3032 Onomasticon
629 2989 656 3030 Ν.
681 2991 714 3030 ν.
738 2973 860 3031 Lares.

228 3060 430 3144 Δαιμόνιον,
454 3061 624 3137 (livinum,
656 3084 794 3125 namen.
840 3064 941 3144 ,ΗοΝ
963 3050 1107 3124 nimirum
1133 3072 1180 3124 est
1202 3061 1298 3135 illud,
1328 3061 1416 3144 quod
1440 3061 1479 3122 de

144 3153 279 3217 Socrate
309 3155 489 3238 accepimus
519 3158 669 3239 quodque
693 3159 732 3218 ab
757 3157 826 3238 ipso
849 3154 880 3219 iu
904 3156 995 3219 libris
1019 3155 1259 3220 Socraticorum
1283 3176 1378 3237 saepe
1403 3154 1481 3216 dici-

141 3257 216 3323 tur,
241 3248 322 3310 Esse
345 3248 485 3311 divinum
509 3247 677 3332 utricidam,
702 3252 789 3334 qttod
812 3252 985 3336 δαιμόνιον
1012 3249 1169 3332 appellat,
1193 3250 1244 3312 cui
1267 3270 1396 3331 semper
1410 3249 1480 3330 ipse

142 3341 302 3424 paruerit,
329 3362 486 3427 uunquam
510 3342 701 3426 impellenti,
727 3359 823 3426 saepe
847 3343 1057 3409 revocanti.''
1081 3345 1120 3407 de
1143 3342 1256 3406 Divin.
1282 3343 1477 3419 Ι.51,199.

228 3439 415 3517 Ardaneae,
451 3459 605 3500 morsum
627 3461 719 3516 esse,
754 3440 776 3504 i.
800 3461 829 3502 e.
855 3461 951 3523 aegre
976 3438 1096 3501 tulisse.
1158 3441 1328 3517 Aedrfxdae
1355 3450 1387 3501 te
1410 3438 1481 3502 nol-

143 3531 225 3608 lem,
252 3535 340 3617 quod
361 3531 439 3594 nihil
463 3536 574 3594 erat.’'
620 3535 659 3595 ad
681 3535 753 3598 Au.
778 3534 881 3597 Xlll.
907 3536 964 3608 90,
991 3534 1023 3596 1.

228 3627 343 3702 Δεινός
362 3627 467 3711 ἀνήρ·
491 3627 578 3706 τάχα
604 3654 658 3692 κεν
678 3639 736 3694 καὶ
759 3631 911 3694 ἀναίτιον
931 3628 1098 3708 αἰτιόῳτο,
1125 3628 1303 3692 vehemens
1326 3629 1397 3702 vir,
1423 3629 1481 3715 qui

144 3723 197 3784 vel
224 3721 394 3784 insontem
424 3740 588 3785 accusare
618 3722 759 3786 audeat.
815 3726 854 3785 ad
883 3726 953 3786 Au.
978 3722 1079 3786 Xlll.
1106 3722 1165 3798 95,
1201 3724 1234 3787 3.
1280 3744 1319 3786 ex
1341 3725 1481 3788 Homeri

144 3815 187 3880 ΙΙ.
212 3823 242 3881 λ.
267 3836 301 3878 v.
325 3817 400 3878 651.
926 3868 928 3873 .

231 3913 387 3997 Aediles,
419 3912 547 3993 pelles,
582 3911 773 3975 involucra.
828 3913 881 3985 ,Ο
905 3910 1140 3994 navigationem
1164 3915 1348 3988 amandam,
1386 3935 1479 3997 quiam

146 4007 328 4070 mehercule
358 4025 421 4089 ego
450 4004 542 4068 valde
573 4006 738 4082 timebam,
774 4009 948 4070 recordans
970 4006 1146 4088 strperioris
1170 4018 1243 4069 tuae
1267 4006 1482 4070 transmissio·

144 4100 193 4166 nis
216 4100 377 4186 δέῤῥεις.”
422 4101 462 4162 ad
483 4099 555 4163 Au.
580 4099 646 4163 lv.
670 4096 728 4176 ll,
755 4104 784 4164 1.

232 4199 390 4279 Δεύτεραι
419 4199 606 4282 φροντίδες,
633 4191 801 4258 secandae
830 4218 954 4271 curae,
986 4196 1201 4280 posteriores
1229 4194 1481 4279 cogitationes,

146 4310 188 4353 ex
218 4289 393 4372 Euripidis.
410 4288 593 4371 Hippolyto
623 4310 656 4351 v.
687 4290 761 4352 136.
816 4293 918 4375 „Ego
942 4313 1021 4355 vero
1045 4290 1146 4352 nullas
1169 4295 1317 4376 δευτέρας
1346 4303 1483 4375 φροντί-

150 4390 209 4460 δας
231 4384 349 4447 habere
371 4405 500 4466 possum
525 4382 555 4445 in
579 4381 729 4447 Caesaris
752 4385 890 4447 rebus.’'
915 4386 954 4448 ad
977 4386 1020 4464 Q.
1044 4385 1088 4447 [Ν.
1112 4384 1179 4448 Ill.
1204 4406 1257 4466 ep.
1279 4385 1308 4445 1.
1327 4403 1356 4445 e.
1372 4385 1403 4459 5,
1430 4386 1482 4446 18.

233 4479 408 4564 Δημήτηρ,
437 4481 553 4544 Ceres.
608 4530 623 4558 „
634 4479 745 4541 Mater
773 4491 876 4542 atatem
901 4491 950 4542 est
972 4501 987 4540 a
1012 4477 1161 4561 gerendis
1183 4477 1332 4561 frugibus
1357 4477 1482 4553 Ceres,

145 4584 304 4656 tamquam
328 4574 451 4638 Geras:
477 4594 616 4656 casuque
638 4573 739 4656 prima
763 4574 867 4637 littera
889 4572 996 4637 itidem
1019 4573 1193 4645 immutata,
1221 4583 1254 4634 ut
1278 4591 1294 4632 a
1319 4570 1481 4644 Graecis;

147 4688 217 4733 uam
248 4668 288 4728 ab
317 4666 380 4728 illis
408 4688 539 4751 quoque
568 4668 722 4755 Δημήτηρ
752 4670 841 4754 quasi
879 4670 933 4748 Γή
965 4667 1069 4754 μήτηρ
1106 4666 1265 4731 nominata
1297 4665 1389 4755 est.’'
1445 4669 1483 4729 de

148 4764 227 4831 Nat.
248 4759 354 4825 Deor.
378 4761 425 4824 11.
449 4761 507 4839 96,
531 4762 586 4824 67.

235 4858 358 4944 Aiace.
383 4857 423 4935 ad
445 4857 517 4934 Aa.
539 4858 625 4927 vlt.
649 4859 688 4935 3,
714 4860 764 4928 10.
781 4862 885 4952 loca.
913 4858 994 4950 Nam
1019 4856 1144 4923 Latinis
1166 4859 1337 4923 locarunt
1359 4862 1481 4945 χῶροι,
