3202 5318
584 320 736 387 INDEX
757 322 937 388 LEGUM.
1359 318 1420 392 199

688 512 839 575 mem.

183 653 317 736 ,Leges
340 664 412 715 sunt
435 666 576 726 veteres,
602 673 704 736 neque
725 672 781 714 eae
797 653 1000 727 consulares,
1025 656 1080 715 sed
1094 653 1300 730 tribuniciae,
1325 655 1419 721 vobis

95 744 332 830 maioribusque
352 746 467 809 vestris
489 750 693 810 vehementer
709 758 818 831 gratas
834 757 928 830 atque
943 746 1110 810 iucundae.
1142 748 1279 811 Licinia
1297 762 1344 813 est
1363 751 1419 815 lex

95 852 189 923 atque
210 841 308 902 altera
332 840 486 917 Aebutia,
512 861 592 925 quae
614 862 677 905 non
702 841 799 904 modo
822 862 911 915 erran,
935 839 990 923 qui
1014 841 1123 903 tulerit
1144 843 1183 904 de
1202 842 1304 926 aliqua
1327 864 1420 909 cirra-

92 934 181 998 tiooe
202 956 240 998 ac
260 946 436 1017 potestate,
469 936 524 997 sed
548 934 639 996 etiam
666 935 808 1018 collegas
831 934 914 1007 eius,
945 946 1120 1018 cognatos,
1145 936 1257 999 affines
1281 936 1418 1021 excipit,

94 1050 133 1091 ne
162 1029 208 1091 eis
240 1051 276 1090 ea
308 1040 451 1110 potestas
481 1027 647 1092 curatiove
677 1027 876 1090 rnandetur.’'
912 1028 1049 1111 delego
1076 1048 1148 1113 agr.
1173 1029 1219 1093 ll.
1241 1029 1277 1104 8,
1302 1030 1355 1091 91.
1378 1058 1419 1073 -·-
1518 1068 1521 1073 ,

93 1125 168 1196 ,Nc
188 1123 223 1185 id
254 1121 382 1207 quidem
412 1144 471 1217 per
500 1123 603 1207 legem
633 1123 823 1198 Liciniam,
851 1134 886 1185 ut
909 1122 978 1203 ipse
997 1120 1054 1183 tibi
1077 1120 1275 1187 curationem
1298 1121 1419 1200 ferres,

92 1216 199 1281 facere
220 1216 389 1300 potuisti.”
421 1237 483 1297 pro
506 1219 604 1280 domo
626 1218 686 1291 90,
711 1219 765 1280 51.

178 1311 271 1374 Haoc
298 1311 469 1374 Liciniam
500 1311 601 1394 legem
632 1315 670 1376 0.
702 1312 837 1375 Licinio
860 1312 1011 1389 Stoloni,
1044 1310 1174 1376 tribuno
1202 1310 1306 1393 plebis
1333 1332 1362 1375 ι.
1384 1332 1418 1378 ιι.

94 1428 125 1469 c.
148 1406 221 1471 377.
247 1405 357 1467 tribuit
380 1405 514 1489 Pighius
538 1407 581 1466 Τ.
604 1405 634 1472 l.
659 1428 692 1488 p.
718 1406 791 1468 913.
816 1408 860 1469 Τ.
885 1407 930 1470 11.
955 1429 988 1489 p.
1012 1408 1066 1471 99.
1111 1404 1279 1470 Ernestius
1306 1428 1373 1468 eam
1400 1428 1418 1471 ι

93 1503 135 1564 Ι..
157 1503 286 1566 Crasso
308 1511 456 1577 oratore,
481 1499 618 1562 Baebius
642 1521 658 1561 a
673 1502 712 1565 P.
730 1503 858 1566 Crasso
873 1501 1005 1564 consule
1022 1523 1052 1564 a.
1069 1523 1101 1563 u.
1119 1500 1191 1566 658.
1206 1500 1298 1563 latam
1315 1512 1418 1585 putat.

450 1659 590 1721 Lectum
612 1659 653 1722 de
675 1659 767 1722 ludis
790 1660 1062 1742 Apollinaribus.

178 1780 291 1862 „Ludi
310 1779 516 1863 Apollinares
539 1781 582 1859 Q.
606 1781 723 1846 Fulvio
746 1782 811 1864 Ap.
838 1781 977 1847 Claudio
1000 1785 1044 1862 (a.
1066 1790 1098 1846 u.
1120 1784 1212 1860 541.)
1234 1804 1251 1845 a
1273 1784 1316 1847 P.
1332 1782 1420 1849 Cor·

90 1875 176 1940 nclio
207 1876 294 1939 Sulla
326 1886 478 1956 praetore
502 1874 589 1937 urbis
620 1874 754 1956 primum
783 1876 861 1938 sacti
889 1888 996 1939 erant.
1027 1877 1099 1939 inde
1129 1898 1238 1941 omnes
1268 1879 1418 1964 deinceps

89 1982 259 2053 praetores
288 1970 398 2032 urbani
424 1969 586 2031 fecerantz
618 1971 673 2032 scd
699 1971 731 2032 in
764 1992 858 2032 arnum
882 1992 996 2033 anniam
1020 1973 1200 2047 vovebant,
1236 1971 1348 2055 dieque
1369 1973 1418 2036 io·

90 2078 177 2129 certa
200 2064 377 2127 iaciebant.
399 2084 438 2126 eo
454 2085 537 2127 auno
561 2066 606 2143 (ιι.
631 2088 662 2127 c.
686 2066 777 2140 545.)
797 2066 974 2146 pestilentia
998 2066 1106 2149 gravis
1124 2065 1234 2129 incidit
1255 2065 1285 2128 in
1308 2068 1418 2129 urbem

92 2179 273 2243 agrosque,
309 2178 390 2241 quac
414 2171 517 2219 tamen
543 2158 643 2243 magis
670 2158 700 2220 io
728 2160 845 2241 longos
867 2161 999 2222 morbos
1026 2180 1117 2241 quam
1141 2160 1174 2222 in
1196 2159 1418 2241 perniciabiles

92 2253 212 2317 evasit.
237 2252 305 2315 eius
325 2251 523 2333 pestilentiae
538 2272 632 2315 causa
649 2265 680 2316 et
699 2252 908 2333 supplicatum
927 2274 986 2334 per
1005 2252 1144 2335 compita
1168 2263 1235 2316 tota
1258 2255 1337 2316 urbe
1356 2264 1416 2330 est,
1441 2286 1445 2294 ·

92 2360 124 2411 et
145 2349 185 2412 Ρ.
209 2346 364 2410 Licinias
390 2350 505 2410 Varus
528 2358 661 2427 praetor
690 2347 779 2407 urbis
810 2346 912 2428 legem
941 2345 1028 2409 ferre
1056 2350 1095 2407 ad
1118 2349 1272 2428 populum
1300 2348 1415 2425 iussus,

92 2454 130 2503 ut
158 2442 195 2503 lsi
223 2441 296 2503 ludi
324 2441 359 2503 in
384 2453 590 2523 perpetuam
618 2440 654 2502 in
681 2451 809 2502 statam
836 2439 927 2502 diem
954 2451 1174 2503 voverentur.
1208 2439 1275 2521 ipse
1296 2440 1417 2523 primus

91 2536 132 2598 ita
157 2535 266 2611 vovit,
292 2535 431 2619 lecitque
452 2548 531 2598 ante
553 2536 643 2597 diem
665 2535 806 2597 tertium
828 2536 951 2600 Nonas
965 2533 1151 2617 Quintiles.
1174 2534 1200 2596 is
1220 2532 1286 2596 dies
1306 2533 1416 2598 deinde

91 2628 241 2693 sollennis
263 2628 442 2692 servatus.‘'
476 2627 554 2692 Liv.
580 2626 810 2692 xxvt1.to.

532 2790 672 2853 Licinia
695 2788 736 2852 de
758 2788 975 2851 sacerdotiis.

177 2910 412 2986 Meministis,
446 2912 490 2993 Q.
516 2911 664 2975 Maximo
690 2912 789 2973 fratre
812 2909 970 2991 Scipionis
996 2919 1028 2972 et
1051 2910 1093 2972 1..
1123 2906 1277 2973 Mancino
1301 2930 1417 2974 conso·

92 3008 173 3071 libus
201 3011 243 3084 (a.
265 3029 297 3068 u.
325 3006 415 3085 603.)
441 3027 533 3088 quam
557 3005 725 3087 popularis
747 3005 860 3067 lende
882 3004 1067 3066 sacerdotiis
1090 3008 1127 3069 C.
1152 3005 1277 3068 Licinii
1298 3006 1417 3072 Crassi

92 3101 223 3177 (tribuni
247 3100 363 3181 plebis)
386 3100 570 3162 videbatur:
595 3101 762 3179 cooptatio
785 3098 866 3160 enim
891 3097 1101 3181 collegiorum
1126 3101 1164 3159 ad
1187 3098 1296 3180 populi
1320 3101 1417 3162 bene·

93 3196 196 3258 licium
221 3195 481 3257 transferebatur.
526 3196 633 3277 Atque
656 3194 681 3255 is
705 3193 823 3274 prinrus
849 3192 982 3254 instituit
1002 3192 1033 3254 in
1053 3192 1159 3255 iorum
1185 3215 1295 3256 versus
1321 3216 1417 3278 agere

93 3313 161 3352 cum
185 3291 325 3372 populo:
358 3302 459 3349 tamen
480 3287 563 3350 illius
585 3287 773 3350 vendibilem
796 3286 971 3350 orationem
997 3287 1112 3371 religio
1131 3287 1262 3350 deorum
1288 3290 1417 3353 immor-

92 3385 197 3446 talium
217 3384 309 3446 nobis
330 3382 568 3444 defendentibus
585 3381 679 3444 facile
704 3382 859 3444 vincebat.
906 3380 1014 3465 Atque
1030 3381 1060 3443 id
1077 3394 1178 3444 actum
1204 3395 1249 3444 est
1266 3397 1414 3464 praetore

93 3499 140 3541 sne
166 3478 225 3558 (C.
258 3477 372 3540 Laelio
401 3478 565 3558 Sapiente)
593 3476 809 3561 quinquennio
833 3488 904 3538 ante
930 3497 1022 3559 quam
1049 3477 1161 3538 consul
1188 3499 1254 3537 sucu
1277 3476 1416 3545 lactus.’'

93 3574 181 3640 Lael.
199 3575 257 3647 ts,
275 3574 327 3636 96.
353 3570 452 3635 Conl.
469 3572 628 3635 Donum
643 3584 673 3634 et
692 3571 924 3636 Onomasticon
939 3592 966 3633 s.
984 3593 1017 3633 v.
1035 3568 1077 3633 C.
1096 3572 1249 3633 chrutas
1263 3567 1416 3637 Cerasus.

555 3732 693 3793 Lassata
709 3731 751 3794 ‹ie
765 3731 952 3795 sodaliciis.

175 3855 261 3928 „Sed
283 3852 454 3937 aliquando
478 3851 639 3916 veniamus
666 3854 705 3914 ad
728 3874 865 3915 causam.
910 3852 949 3915 ln
969 3874 1029 3933 qua
1055 3866 1087 3916 tu
1111 3852 1236 3917 nominc
1256 3851 1333 3935 legis
1356 3851 1416 3916 Li-

90 3949 218 4023 ciniae,
253 3956 333 4029 qtae
361 3960 412 4011 est
441 3950 483 4010 de
509 3948 700 4021 sodaliciis,
737 3968 845 4010 ornnes
877 3947 1010 4009 ambitus
1038 3948 1128 4030 leges
1156 3947 1341 4027 complexus
1367 3967 1413 4009 cs.

91 4045 162 4107 Nec
183 4042 266 4105 enim
289 4041 461 4127 quidquam
484 4043 568 4104 aliud
589 4042 619 4104 in
643 4044 701 4104 hac
722 4042 792 4126 lege
808 4042 865 4104 nisi
890 4040 1035 4104 editicios
1057 4040 1177 4103 iudices
1195 4051 1321 4102 secutus
1344 4039 1414 4102 es.''

90 4158 152 4220 pro
175 4135 312 4200 Plancio
337 4138 390 4210 15,
414 4137 467 4198 36.
491 4171 532 4182 -
555 4138 665 4208 ,Reus
688 4137 729 4198 de
750 4136 926 4201 sodaliciis
948 4135 1064 4216 petitus
1084 4147 1129 4197 est
1148 4133 1226 4225 (Cu.
1251 4133 1416 4217 Plancius)

90 4233 161 4316 lege
191 4231 343 4304 Licinia,
378 4252 471 4314 quam
494 4233 549 4295 M.
573 4229 727 4293 Licinius
750 4234 896 4321 Crassus
928 4229 1063 4309 Pompei
1090 4226 1205 4311 Magni
1230 4226 1352 4310 collega
1380 4226 1413 4291 io

89 4325 257 4388 consulatu
287 4346 345 4388 suo
375 4328 419 4403 (a.
443 4347 475 4388 u.
500 4326 589 4404 698.)
619 4325 764 4407 pertulit,
799 4335 834 4387 ut
856 4324 1052 4387 severissima
1075 4332 1281 4404 quaereretur
1303 4320 1332 4382 iu
1356 4342 1413 4386 cos

89 4421 289 4494 candidatos,
314 4420 368 4503 qui
391 4418 449 4482 sibi
474 4419 627 4503 [sodales]
651 4419 884 4491 conciliassent,
910 4440 944 4481 ea
966 4417 1162 4498 potissimum
1184 4418 1222 4478 dc
1243 4437 1355 4490 cause,
1381 4430 1415 4481 ut
1536 4428 1543 4437 ⁴

88 4535 148 4598 per
173 4515 248 4577 illos
275 4512 437 4595 pecuniam
467 4514 638 4577 tribulibus
660 4513 863 4595 dispertirent
886 4533 922 4573 ac
944 4512 1004 4573 sibi
1033 4524 1140 4572 ιιιιιιιιο
1167 4512 1273 4574 eadem
1298 4512 1413 4576 sull'ra·

90 4608 231 4691 gationis
262 4621 386 4690 emptae
414 4608 572 4689 praesidia
606 4607 889 4672 contrutuaicarent.
943 4605 1026 4667 Huic
1059 4603 1190 4668 factioni
1215 4608 1412 4671 coercendae

88 4704 170 4787 legis
198 4704 284 4765 lator
313 4701 450 4766 Crassus
477 4703 669 4767 existimarit
698 4703 789 4766 etiam
818 4719 918 4783 georas
943 4698 1049 4763 iudicii
1079 4700 1176 4764 multo
1203 4701 1412 4783 periculosius

90 4799 351 4880 comparandum,
386 4809 421 4861 nt
443 4799 527 4879 apud
548 4797 666 4862 iudices
692 4793 837 4861 editicios
863 4805 1104 4872 accusarentur,
1139 4793 1260 4872 idest,
1294 4807 1330 4861 ut
1350 4815 1412 4879 pro
