3202 5318
129 342 201 453 aaa
533 385 684 452 aunnx
706 386 1058 453 aouuuoauou.

217 530 419 605 Comiter,
443 527 519 613 qnid
541 528 581 591 sit
602 527 635 591 in
656 527 801 592 formulis
823 527 1001 592 foederum.
1037 548 1098 609 pro
1122 526 1226 590 Balbo
1250 527 1312 604 16,
1335 526 1395 590 36.

218 626 388 696 Comitia
418 621 615 688 aedilicia
639 623 774 686 leviora.
804 643 866 705 pro
889 621 1023 688 Plancio
1047 621 1082 699 3,
1109 623 1140 684 7.
1179 622 1252 688 Cir.
1276 624 1315 697 1,
1344 623 1400 685 10.
1438 654 1470 665 -

134 722 306 791 Comitia
335 719 524 785 aedilicia
554 720 650 782 habet
675 715 801 781 consul.
836 737 898 797 pro
927 715 1063 780 Plancio
1092 717 1149 794 20,
1179 719 1231 783 ts.
1276 719 1471 781 Vocatac

131 817 283 895 tribua,
313 816 436 891 latum
463 809 726 896 saaltragium,
759 807 973 883 diribitae,
1011 811 1279 876 tentantiatae.
1324 811 1417 876 lbid.

181 974 186 989 ,
218 908 393 977 Comitia
415 905 656 991 pontificia.
680 926 742 987 pro
765 902 877 968 Caelio
901 904 939 978 8,
965 904 1017 968 19.

219 1001 487 1070 Comitiorum
510 1000 629 1066 ratio.
674 1001 759 1063 Ecce
772 997 962 1062 Dolabellae
986 998 1244 1085 cornitiorupn
1268 999 1357 1064 dies:
1382 1020 1473 1064 sor·

133 1096 231 1165 titio
263 1094 605 1181 praerogativae:
643 1092 774 1178 quiescit
808 1093 982 1156 Antonios.
1028 1093 1325 1157 Renuntiatur:
1368 1105 1471 1157 tacet.

135 1191 270 1259 Prima
291 1190 439 1255 classis
463 1201 649 1264 vocatur3
674 1187 945 1261 renuntiatum
977 1185 1088 1250 deinde
1104 1188 1164 1264 ita,
1183 1201 1218 1251 ut
1233 1188 1355 1253 assolet
1371 1190 1472 1268 (sex)

135 1284 355 1373 suffragiu
376 1296 444 1348 tom
465 1286 637 1347 secunda
661 1281 830 1357 elassis3
855 1303 936 1366 quae
952 1281 1056 1345 omnia
1073 1292 1147 1346 stant
1164 1282 1254 1345 citius
1270 1281 1356 1345 iacta
1375 1303 1473 1366 qoam

137 1380 215 1449 dixi.
260 1378 421 1447 Confecto
451 1377 585 1463 negotio
614 1379 719 1441 boans
742 1398 844 1461 augur
868 1375 966 1440 Alio
990 1375 1067 1452 die,
1098 1375 1211 1460 inquit.
1255 1374 1406 1461 Philipp.
1432 1378 1472 1455 2,

142 1475 201 1553 33,
232 1473 286 1537 82.

222 1567 310 1633 Hoio
331 1567 405 1633 loco
426 1566 618 1630 declarando
637 1565 864 1647 praemittenda
883 1577 956 1629 stant
976 1567 1074 1628 verba
1094 1564 1256 1628 Messalae
1280 1567 1368 1647 apud
1392 1566 1474 1630 Gel-

137 1658 216 1737 ΙίιιιιιΙ
237 1660 283 1725 Ν.
306 1663 352 1725 Α.
377 1661 435 1735 13,
461 1661 512 1723 15.
564 1658 765 1724 Minoribus
790 1661 949 1723 creandis
970 1660 1232 1744 ansegiso-atibus
1252 1659 1399 1725 tributis
1418 1683 1475 1724 co-

138 1753 247 1821 mitiis
275 1754 520 1838 magistratus,
551 1754 613 1816 seat
641 1754 768 1818 iustius
793 1755 931 1818 curiata
960 1754 1065 1817 datur·
1095 1757 1186 1837 lege5
1220 1754 1371 1818 maiores
1394 1752 1474 1840 (tres

138 1848 206 1916 scil.
228 1848 390 1926 consules,
423 1860 607 1930 praetores,
643 1851 828 1928 censores),
861 1849 1065 1912 centuriatis
1086 1847 1235 1912 comitiis
1249 1847 1367 1926 fitam.
1413 1850 1477 1913 Sed

139 1962 182 2007 ex
212 1940 282 2007 aliia
308 1964 437 2027 quoque
463 1941 652 2006 testimoniis
675 1953 873 2024 compertum
910 1944 1060 2005 habemus
1087 1941 1233 2006 consules
1264 1940 1473 2016 centuriatis,

138 2056 205 2119 opo
230 2034 359 2100 tributis
388 2035 525 2101 comitiis
555 2048 681 2099 creatos
711 2057 797 2109 esse;
829 2058 931 2120 neque
959 2036 991 2099 id
1018 2036 1180 2121 quisquam
1207 2035 1363 2121 negavit3
1397 2035 1476 2101 illud

140 2130 303 2193 dumtaxat
317 2133 512 2196 contendunt
526 2130 739 2193 recentiorum
758 2131 920 2212 plerique,
946 2131 1099 2194 'rutilianis
1119 2130 1318 2212 temporibus
1334 2130 1475 2193 tribuum

138 2222 299 2310 ingentem
320 2223 431 2289 nescio
457 2245 550 2307 spiam
573 2224 636 2286 vina
661 2224 758 2287 fuisse
786 2225 877 2287 etiam
904 2226 934 2287 in
961 2225 1141 2288 centuriatis
1166 2224 1319 2297 comitiis;
1356 2245 1419 2306 qua
1444 2222 1475 2286 in

140 2318 302 2397 viterbam
327 2319 502 2383 delinienda
527 2319 559 2381 in
589 2320 648 2381 alia
675 2320 779 2382 omnia
809 2318 870 2382 viri
900 2318 985 2383 docti
1014 2319 1188 2382 discedunt.
1245 2317 1331 2381 Mihi
1362 2328 1474 2383 contra

140 2412 283 2487 uidetur,
306 2412 518 2497 proximeque
540 2417 578 2477 ad
599 2436 709 2476 verum
729 2415 897 2477 accessisse
913 2435 1029 2478 censeo
1045 2415 1208 2477 Bonorum
1228 2410 1260 2475 in
1280 2416 1473 2477 commetat.

142 2506 186 2589 da
210 2506 361 2571 comitiis
389 2509 628 2572 Romanorum
654 2507 869 2571 centuriatis.
919 2507 1112 2572 Mouasterii
1136 2507 1229 2570 1833.
1254 2508 1299 2572 10.
1344 2505 1474 2570 Etenim

142 2623 213 2665 euna
237 2602 302 2667 hoo
327 2600 399 2665 viro
421 2603 518 2664 docto
545 2612 667 2662 etcum
691 2602 878 2666 Hermanno
902 2601 932 2664 in
955 2604 1020 2683 Ep.
1046 2604 1084 2665 ad
1109 2600 1348 2664 Steinaclserum
1373 2600 1406 2663 in
1435 2620 1474 2663 eo

141 2716 225 2760 nune
253 2695 438 2771 consentio,
469 2707 504 2758 ut
530 2707 664 2758 statuam
696 2698 849 2779 integram
883 2718 952 2759 essc
983 2697 1147 2760 lectionem
1174 2718 1191 2757 a
1216 2696 1355 2758 secunda
1383 2715 1475 2758 maon

142 2789 176 2855 io
200 2789 406 2854 vexatissimo
431 2789 486 2852 illo
508 2789 583 2853 loeo
609 2789 682 2852 Cic.
709 2793 747 2852 de
773 2792 858 2872 ch.
881 2792 918 2866 2,
944 2791 996 2854 22.
1027 2790 1133 2874 ibique
1160 2788 1299 2853 describi
1326 2811 1394 2852 eam
1422 2810 1477 2852 eo·

143 2882 301 2948 mitiorum
329 2882 576 2947 centuriatorum
609 2884 763 2960 sormam,
797 2907 856 2969 qua
885 2887 1053 2947 utebantur
1087 2885 1244 2967 Scipionis
1274 2884 1476 2966 temporibus

144 2989 239 3063 atque
259 2974 321 3039 iam
347 2986 526 3053 antaeum,
551 2977 690 3041 sortasse
714 2990 839 3061 posta.
864 2980 961 3052 533..
985 3000 1129 3061 quaeque
1152 2990 1278 3041 servata
1303 2989 1477 3062 estusque

144 3072 185 3134 ad
204 3069 325 3134 liberae
352 3068 571 3153 reipublicae
597 3070 771 3135 interitum.
817 3075 897 3136 Sunt
925 3085 1028 3136 autem
1054 3076 1131 3135 hacc
1158 3071 1327 3138 Ciceronis
1354 3072 1473 3135 rerba:

143 3169 247 3250 Quae-
261 3163 448 3247 deacriptio
469 3163 697 3250 (comitiorum)
719 3167 751 3229 si
777 3180 866 3230 esset
893 3167 1015 3252 ignota
1044 3168 1155 3243 vobis,
1190 3166 1432 3251 explicaretur
1455 3187 1478 3227 a

144 3282 210 3335 nae.
252 3260 357 3323 Nune
381 3259 551 3322 rationem
574 3259 695 3322 videtis
716 3282 791 3324 esse
812 3264 933 3339 talem,
958 3274 996 3323 nt
1018 3262 1170 3346 equitnm
1195 3261 1373 3324 centuriae
1399 3281 1478 3323 cum

144 3373 207 3415 sear
228 3348 413 3440 suffragiis
435 3366 469 3415 et
490 3354 607 3435 prima
630 3355 751 3417 classis
774 3355 896 3419 addita
920 3358 1094 3431 centuria,
1118 3378 1204 3441 quae
1230 3357 1277 3418 ad
1301 3376 1477 3418 summurn

145 3467 246 3510 usum
260 3446 353 3509 tarbis
360 3445 488 3536 fabris
499 3448 660 3531 tignariis
677 3461 728 3510 est
740 3449 840 3522 alata,
866 3453 1121 3516 LXXXVIIII.
1142 3453 1316 3515 centurias
1335 3453 1478 3521 habeon

146 3541 269 3627 quibus
290 3562 339 3602 ex
363 3553 499 3604 centum
523 3553 688 3627 qarattuoa·
712 3543 880 3606 centuriis
901 3545 969 3625 (tot
994 3546 1084 3608 enim
1108 3546 1479 3629 1=ctiqnaesunt)octo

147 3637 243 3700 solae
262 3634 295 3696 si
316 3648 550 3711 accesserunt,
583 3633 745 3726 confecta
773 3649 823 3699 eat
848 3638 897 3699 oia
921 3639 1042 3720 populi
1067 3640 1245 3711 uniuersa5
1278 3638 1480 3724 reliquaque

148 3731 256 3793 maalto
281 3727 393 3791 maior
417 3731 601 3793 multitudo
624 3753 690 3793 aex
712 3742 745 3793 et
767 3733 960 3816 nonaginta
981 3735 1216 3797 centuriarum
1235 3753 1343 3816 neque
1362 3734 1482 3795 earam·

148 3822 289 3887 deretur
310 3824 514 3918 suffragiis,
539 3845 580 3885 nc
601 3825 785 3906 superbum
810 3839 899 3889 esset
906 3850 917 3898 ;
946 3849 1005 3890 nee
1028 3831 1154 3890 ualeret
1176 3826 1298 3900 nimis,
1329 3847 1372 3889 ne
1395 3844 1483 3897 esset

143 3917 386 4002 periculosum.
428 3921 526 4000 Apud
549 3917 739 3980 Ciceronem
763 3919 862 4001 igitur
883 3921 968 3983 nulla
989 3921 1118 3985 omnino
1140 3921 1176 3983 fis
1199 3920 1338 3982 tribuum
1363 3917 1482 3983 mentio

146 4010 179 4075 io
202 4014 337 4079 comitiis
364 4010 560 4078 centuriatis.
605 4013 685 4085 Sed,
716 4012 833 4095 inquit,
867 4017 950 4097 apud
979 4015 1106 4078 Livium
1134 4014 1291 4079 minimum
1322 4013 1386 4075 tria
1414 4014 1482 4077 eius

148 4104 195 4168 rei
214 4109 399 4190 gravissima
420 4116 546 4172 exstant
569 4105 767 4170 testimonia:
791 4107 913 4170 scilicet
935 4111 993 4184 21,
1020 4112 1050 4171 7.
1076 4112 1120 4186 (a.
1146 4130 1178 4170 u.
1203 4130 1233 4172 c.
1258 4109 1320 4172 510
1343 4109 1481 4189 Varr.)a

148 4200 236 4267 cum
260 4220 339 4266 sors
360 4200 629 4284 praerogativae
660 4199 805 4264 Aniensi
833 4202 1009 4266 iuniorum
1038 4204 1165 4267 exisset
1188 4223 1294 4286 eaque
1321 4206 1367 4266 Τ.
1397 4205 1483 4268 Oto·

148 4292 282 4373 cilium,
314 4300 371 4363 M.
398 4295 585 4361 Aemilium
613 4293 786 4378 Regillum
815 4300 969 4362 consides
998 4298 1143 4371 diceret,
1183 4308 1257 4359 turn
1285 4299 1328 4379 Q.
1357 4297 1483 4361 Fabius

147 4384 284 4452 silentio
297 4388 410 4480 facto
435 4390 499 4453 tali
520 4387 677 4453 oratione
698 4401 749 4452 eat
772 4412 874 4464 asans,
906 4412 965 4473 qua
990 4391 1153 4466 dissuasit,
1185 4414 1223 4453 ue
1252 4393 1296 4455 T.
1323 4390 1483 4455 Otacilius

149 4480 262 4543 consol
283 4495 464 4557 crearetur,
488 4482 637 4567 cuiusque
661 4483 767 4545 saltima
793 4486 890 4546 verba
912 4487 991 4548 haec
1015 4498 1104 4550 siant:
1123 4506 1272 4569 praeco,
1297 4484 1485 4549 Aniensem

149 4571 324 4640 iuniorum
339 4578 374 4640 in
389 4574 604 4664 suffragium
618 4599 752 4643 revoca.
773 4614 814 4625 -
837 4581 894 4657 26,
919 4580 972 4660 22.
995 4585 1039 4663 (a.
1064 4603 1096 4644 ιι.
1120 4602 1150 4643 c.
1173 4582 1247 4644 511.
1271 4574 1392 4662 Varr.)
1412 4596 1484 4639 cum

146 4670 396 4752 praerogativo
424 4671 571 4737 Vetraria
592 4671 769 4737 iuniorum
797 4695 883 4737 coss.
910 4675 1101 4739 declarasset
1131 4678 1174 4739 ¹1⁸.
1208 4672 1364 4739 Manlium
1398 4672 1484 4737 ΤοιΗ

151 4769 278 4843 quatum
302 4772 333 4824 et
357 4766 401 4827 T.
421 4764 614 4843 Otacilium,
645 4766 738 4851 idque
761 4767 901 4831 Manlius
923 4768 992 4850 ipse
1015 4768 1231 4845 dissuasisset,
1262 4766 1402 4831 Veturia
1429 4766 1483 4831 illa

149 4853 327 4934 laniorum,
351 4857 486 4945 coasilio
510 4857 589 4943 iqito
612 4882 682 4947 curo
705 4861 842 4929 Veturia
860 4863 1042 4943 seniorum,
1080 4864 1132 4932 M.
1157 4863 1350 4933 Marcellum
1372 4870 1406 4929 et
1427 4860 1480 4929 M.
