3202 5318
642 315 646 323 ·
682 286 837 361 INDEX
856 285 1039 363 LEGUM.

364 478 564 545 διιιιισιιικ
584 474 785 543 iudiciaria.
816 508 820 519 ·

282 620 378 706 „Per
405 616 489 687 itan
510 622 637 700 tempus
661 614 821 683 iudicandi
841 636 970 694 munus,
999 617 1148 703 quodC.
1178 619 1356 683 Gracchus
1382 630 1529 703 ereptum

195 712 319 803 senatui
339 714 381 779 ad
400 710 541 799 equites,
566 711 653 776 Sulla
676 711 798 776 abillis
820 712 860 777 ad
881 722 1022 776 senatum
1045 711 1270 789 transtulerat,
1295 712 1474 797 acqualiter
1496 711 1529 778 in

195 822 366 923 ιιιιιιιιιυε
388 807 531 877 ordinem
553 805 690 893 partibus
712 803 796 871 est.''
840 804 960 871 Vellei.
983 805 1032 871 11.
1056 806 1116 886 32,
1140 806 1173 871 3.

283 900 336 983 Τὰ
362 896 578 1017 Bexeotrjpeo,
609 896 833 983 ἀδοξοῦντα
817 903 869 966 επὶ
890 901 1123 1011 δωροδοκίαις,
1156 902 1189 978 ές
1213 894 1291 980 τοὺς
1315 894 1484 978 ίππέας’
1462 896 1530 968 catti

195 1000 260 1079 ssia
284 996 472 1110 βουλευτῶν
500 998 674 1085 μετέφερε·
709 989 751 1060 τὰ
779 989 924 1081 ὑπόγαια
945 988 1093 1083 μάλιστα
1123 989 1237 1074 αὐτοῖς
1265 989 1443 1101 ὀνειδίζων,
1477 986 1530 1062 δτι

195 1086 382 1205 Κορνήλιος
399 1084 536 1168 Κόττας
553 1093 609 1155 καὶ
628 1083 833 1176 Σαλινάτωρ
855 1093 911 1154 καὶ
934 1089 1043 1196 τρίτος
1060 1089 1111 1156 ἐπὶ
1133 1083 1264 1165 τούτοις
1285 1082 1420 1167 Μάνιος
1434 1083 1530 1157 Ἀντί·

195 1180 307 1301 λισς
290 1212 310 1256 o
333 1187 405 1297 τὴν
414 1183 532 1254 Ἀσίαν
549 1178 629 1250 itote
647 1182 778 1295 σαφῶς
781 1177 1124 1294 δεδωροδοκηκότες’
1090 1206 1289 1292 αφειυτο.
1259 1175 1324 1249 ὑπὸ
1350 1181 1414 1247 τῶν
1436 1183 1529 1248 δικα-

196 1276 338 1393 σιίητιιν
367 1273 405 1347 σι’
422 1304 456 1347 τε
480 1278 665 1387 πρέσβεις
656 1280 689 1387 qi
708 1271 778 1344 κατ’
802 1271 911 1345 αὐτῶν
936 1277 985 1343 ἔτι
1009 1271 1171 1366 παρόντες
1193 1272 1254 1343 σὺν
1274 1269 1400 1386 φθόνῳ
1423 1300 1529 1343 ταντα

194 1368 373 1489 ιίιριιδντις
394 1367 628 1482 ἐκεκράγεσαν.
618 1360 733 1482 δίπιρ
756 1397 776 1452 η
764 1365 905 1456 ’βουλὴ
924 1365 1073 1458 μάλιστα
1094 1367 1271 1484 αἰδουμένη
1294 1365 1381 1448 ές
1347 1393 1407 1436 τον
1414 1364 1528 1486 νόιισν

195 1468 358 1551 ίνιδίδσυ·
380 1461 472 1535 xci
456 1491 476 1532 o
491 1466 594 1577 δῆιισς
609 1459 712 1533 αὐτὸν
732 1460 862 1554 ε’κιίρου.
907 1466 977 1531 Καὶ
990 1468 1179 1554 μετηνέχθη
1195 1453 1286 1531 οἶδε’
1269 1488 1302 1540 ις
1317 1459 1395 1541 τούς
1412 1467 1528 1545 ἱππέας

194 1559 262 1635 ιἰπὸ
281 1562 341 1647 τῆς
359 1561 486 1649 βουλῆς
507 1557 549 1626 τὰ
570 1552 780 1671 δικαστηρια.
824 1561 965 1675 Appian.
990 1560 1075 1624 Bell.
1099 1556 1176 1624 civ.
1199 1558 1230 1621 I.
1254 1556 1307 1620 22.

275 1651 371 1725 'ost
393 1649 638 1733 δικαστικὸς
659 1644 851 1769 (νόμηνςᾙ
827 1681 852 1721 ω
878 1653 915 1721 τὸ
938 1658 1091 1722 astrictos
1111 1650 1260 1763 ἀπέκοψε
1283 1676 1340 1732 της
1362 1652 1427 1721 τῶν
1448 1676 1528 1741 συι-

142 1814 146 1823 .
194 1752 353 1862 κλητιιιῶν
377 1744 563 1836 δυνάμεως.
584 1744 681 1836 μόνοι
701 1746 766 1862 ιὰρ
786 1744 914 1859 ἔκρινον
935 1747 995 1828 τὰς
1014 1751 1107 1828 δίκας
1127 1753 1182 1814 καὶ
1202 1742 1259 1814 διὰ
1273 1746 1371 1812 τοῦτο
1387 1748 1528 1837 φοβεροί

194 1871 241 1941 τω
224 1839 355 1939 δὴιιω
377 1850 434 1913 καὶ
453 1850 523 1923 τοῖς
541 1843 693 1910 ἱππενσιν
710 1830 812 1955 ιισαν·
834 1837 908 1909 ὁδέ
930 1845 1141 1933 τριακοσίους
1156 1843 1219 1909 τῶν
1239 1842 1358 1906 ἱππέων
1380 1863 1529 1930 προσκα·

194 1916 379 2023 τέλιξεν’
336 1943 452 2019 αυτοῖς
474 1924 551 2005 o6oe
573 1939 795 2025 τριακοσίοις,
826 1943 882 2004 καὶ
905 1935 966 2017 τὰς
987 1939 1109 2025 κρίσεις
1131 1933 1245 2015 κοινᾶς
1265 1934 1328 2000 τῶν
1353 1933 1529 2015 ἑξακοσίων

195 2032 334 2119 έποίησι.
360 2033 544 2104 Plutarch.
567 2053 601 2096 v.
625 2030 665 2099 C.
688 2030 882 2097 Gracchis.
906 2032 938 2098 5.
984 2029 1040 2097 ct.
1064 2054 1096 2098 v.
1119 2034 1174 2098 Ti.
1198 2029 1391 2101 Graccbic.
1416 2032 1471 2096 16.

281 2131 347 2211 „a
365 2129 541 2194 Gracchus
562 2126 666 2213 legem
689 2127 825 2204 tulerat,
850 2136 886 2191 ut
908 2126 1029 2210 equites
1045 2126 1183 2192 Romani
1204 2128 1394 2196 iudicarent.
1439 2124 1528 2191 Iudi·

195 2235 348 2291 caverunt
359 2243 419 2309 per
431 2241 532 2287 annos
545 2220 626 2286 XL
643 2242 709 2285 sune
721 2219 884 2285 rniamta
906 2220 1058 2286 Pseudo·
1064 2223 1208 2286 meon:
1199 2244 1231 2286 m
1241 2224 1388 2291 Damnat
1401 2244 1437 2307 p.
1454 2221 1527 2286 103.

282 2316 497 2404 ,Cognoscet
516 2336 557 2379 ex
573 2316 776 2400 mepopulus
793 2317 976 2395 Romanus,
1000 2316 1076 2401 quid
1092 2314 1150 2394 sit,
1149 2323 1430 2427 quamobrem,
1455 2335 1526 2379 cum

195 2414 344 2499 equester
366 2412 449 2477 ordo
476 2409 647 2487 iudicaret,
672 2430 772 2474 anuos
791 2431 897 2495 prope
920 2392 1162 2518 qninquaginta
1173 2413 1363 2490 continuos,
1386 2411 1420 2476 in
1435 2408 1526 2474 nullo

194 2506 297 2572 iudice
319 2504 427 2592 equite
449 2506 598 2570 Romano
621 2502 777 2569 iudicante
800 2525 839 2567 ne
861 2503 1040 2569 tenuissima
1063 2504 1190 2591 quidem
1211 2509 1353 2592 suspicio
1375 2516 1527 2589 acceptae

194 2601 348 2687 pecuniae
379 2602 423 2666 ob
451 2620 519 2664 rem
548 2597 747 2663 iudicandam
777 2598 947 2662 constituta
977 2596 1053 2662 sit.''
1102 2601 1205 2664 verr.
1240 2601 1270 2668 Ι.
1302 2602 1359 2679 13,
1396 2599 1453 2663 38.
1487 2637 1529 2651 -

195 2699 346 2781 ,Annos
364 2716 474 2781 prope
495 2691 777 2780 quinquaginta]
801 2694 908 2757 Tanto
929 2692 1010 2756 enim
1030 2692 1100 2757 iere
1115 2704 1260 2779 tempore
1279 2705 1429 2781 equester
1445 2694 1526 2759 ordo

194 2788 347 2861 iudicavit
368 2789 441 2875 lege
464 2787 683 2872 Sempronio.
687 2786 706 2816 ”
749 2787 902 2851 Pseudo·
909 2789 1035 2852 Ascon.
1057 2787 1091 2851 in
1111 2790 1210 2855 Verr.
1233 2812 1267 2874 p.
1293 2791 1366 2853 tto.

282 2881 459 2959 „Ciatadius
481 2880 764 2964 (procuratoribus
787 2880 865 2959 suis)
888 2900 981 2945 omne
1003 2880 1051 2945 ius
1076 2880 1223 2959 tradidit,
1249 2886 1287 2947 de
1315 2904 1382 2971 quo
1407 2881 1525 2948 totiens

194 2976 350 3042 seditione
380 2987 436 3041 aut
462 2975 556 3040 armis
586 2985 761 3051 certaturn,
793 2994 864 3036 eum
887 2976 1101 3058 Sempronius
1129 2977 1353 3062 rogationibus
1376 2989 1526 3063 equester

196 3070 315 3136 ordo
305 3092 336 3134 tn
364 3069 570 3154 possessione
592 3068 778 3133 iudiciorum
804 3067 986 3140 locaretur,
1022 3081 1076 3132 aut
1099 3092 1224 3135 rursum
1251 3070 1407 3135 Serviliae
1434 3071 1524 3157 leges

194 3164 317 3228 senatui
332 3163 447 3229 iudicia
466 3165 653 3240 redderent,
677 3160 870 3245 Mariusque
889 3174 920 3225 et
943 3163 1032 3227 Sulla
1056 3164 1131 3229 oiim
1154 3168 1193 3230 de
1216 3187 1255 3232 eo
1279 3166 1330 3230 vel
1352 3165 1525 3250 praecipue

194 3257 388 3323 bellarunt.''
433 3258 539 3322 Tacit.
563 3259 650 3322 Ann.
674 3257 756 3322 ΧΠ.
781 3256 832 3320 60.

283 3345 338 3419 ,Α
361 3342 524 3426 senatuin
546 3343 685 3427 equitem
713 3342 864 3405 translata
890 3342 1077 3407 iudiciorum
1107 3356 1249 3425 potestas
1277 3344 1462 3429 vectigalia,
1491 3342 1525 3407 id

196 3448 245 3503 est
259 3436 382 3522 imperii
398 3435 640 3520 patrimonium,
664 3433 918 3518 supprimebat.’'
949 3437 1067 3501 Florus
1082 3439 1152 3503 111.
1173 3440 1225 3503 13.
1248 3475 1290 3486 -
1311 3438 1524 3512 „iudiciario

194 3532 269 3617 lege
295 3534 335 3599 0.
365 3533 514 3597 Gracchi
540 3529 713 3593 diviserant
740 3530 894 3613 populum
920 3533 1117 3609 Romanum,
1152 3544 1184 3597 et
1211 3533 1373 3617 bicipitem
1398 3555 1440 3598 ex
1461 3553 1522 3596 una

193 3624 338 3691 iecerunt
360 3624 520 3689 civitatem
543 3623 666 3709 equites
686 3623 843 3698 Romani3
867 3635 956 3689 tauta
978 3636 1136 3708 potestate
1159 3626 1304 3703 subnixi,
1329 3639 1363 3690 ut
1384 3627 1523 3714 quitata

193 3719 406 3809 fortunasque
433 3731 560 3806 patrum
584 3718 729 3803 vitasque
754 3718 934 3802 principum
965 3722 1120 3783 baberent
1140 3721 1172 3784 in
1192 3744 1306 3798 manu,
1337 3721 1522 3805 interceptis

100 3808 105 3823 ’
194 3814 405 3901 vectigalibus
427 3814 651 3898 pecularentur
673 3834 733 3876 suo
754 3813 823 3877 iure
845 3835 912 3877 rem
935 3814 1130 3897 publicam.”
1174 3817 1293 3879 Florus
1314 3816 1382 3880 111.
1408 3818 1466 3893 17,
1489 3814 1523 3878 3.

278 3908 330 3975 De
355 3910 415 3974 bac
437 3909 509 3996 iege
529 3905 693 3972 iudiciaria
717 3907 789 3971 vide
814 3929 896 3992 quos
918 3910 1025 3974 laudat
1047 3907 1195 3975 Creuzer
1215 3908 1331 3974 Abriss
1357 3912 1415 3975 der
1436 3917 1522 3975 usn.

195 4003 311 4090 Antiq.
334 4006 366 4080 §.
389 4004 444 4070 89.
478 4038 519 4050 -
554 4002 644 4082 Quae
668 3999 861 4066 Plutarchus
883 4005 922 4067 de
947 4005 1007 4066 bac
1033 4004 1106 4088 lege
1130 4003 1209 4068 dixit
1235 4025 1270 4068 ea
1293 4004 1414 4070 Liuias
1441 4005 1523 4069 iudi·

195 4098 311 4164 ciariae
327 4096 427 4185 magis
442 4096 615 4162 convenire
631 4117 724 4180 quam
740 4097 963 4181 Semproniae
979 4109 1067 4163 recte
1083 4099 1246 4164 adnotavit
1256 4101 1386 4164 Walter
1402 4101 1523 4165 Gcscb.

196 4195 250 4258 des
273 4195 372 4259 Rtim.
396 4194 516 4258 Rechts
540 4191 568 4254 1.
592 4212 626 4275 p.
650 4190 723 4256 210.

363 4355 579 4429 8τιιιιτοιιιιι,
602 4351 744 4437 nequis
765 4350 894 4416 iudicio
915 4351 1233 4419 circumueniretur.

281 4525 298 4557 „
308 4475 433 4560 Atque,
458 4485 492 4538 ut
509 4470 650 4540 omittam
666 4474 756 4559 leges
770 4473 846 4537 alias
862 4494 988 4551 omnes,
1012 4474 1128 4561 quibus
1143 4498 1201 4541 nos
1216 4476 1284 4564 (qui
1303 4476 1522 4564 magistratum

195 4568 375 4635 babuerunt
400 4569 473 4632 inve
489 4579 599 4632 senatu
618 4567 804 4632 sententiam
820 4567 1003 4649 dixerunt,)
1025 4581 1185 4647 tenemur,
1209 4572 1427 4641 ceteri'autem
1447 4585 1524 4638 sunt

196 4661 324 4729 ordines
342 4661 485 4726 liberati:
520 4663 601 4725 banc
622 4664 721 4746 ipsam
748 4664 870 4748 legem,
901 4684 946 4727 ne
968 4663 1055 4746 quis
1077 4663 1225 4731 iudicio
1248 4666 1400 4730 circium
1412 4667 1524 4732 veni·

195 4766 326 4833 retur,
348 4758 388 4823 0.
403 4756 579 4821 Gracchus
593 4756 683 4821 tutits
707 4779 775 4821 eam
790 4756 896 4842 legem
908 4778 969 4841 pro
984 4757 1095 4841 plebe,
1118 4779 1183 4824 non
1198 4759 1229 4825 in
1246 4762 1390 4845 piebem,
1412 4760 1522 4828 sntir.'’
