3202 5318
626 342 779 409 INDEX
797 344 1470 411 Laconicas

137 480 356 547 thadaeum.
401 482 509 546 Aliter
530 482 611 546 enim
629 484 729 548 nostri
753 496 870 567 negant
886 505 984 564 posse
1004 504 1037 547 se
1055 484 1161 547 salros
1181 486 1282 550 essel'
1326 486 1467 568 Philipp

140 574 226 653 1.,8
246 577 354 658 19111.
375 611 417 623 -
439 577 614 657 ‚Postulat
636 577 679 654 (in
703 577 855 638 mandatis
877 578 929 641 Μ.
950 577 1144 657 Antonius),
1170 599 1208 641 ne
1229 600 1285 641 sua
1307 580 1468 643 iudiciaria

140 674 196 735 lex
215 620 432 754 irbrogeturl
476 669 618 752 Philipp.
642 671 744 734 VIII.
766 672 803 744 9.
829 670 882 733 97.

555 828 714 891 amoma
737 829 778 891 de
796 829 1053 911 prouocatione.

229 949 372 1029 „Altera
402 948 605 1031 promulgata
631 950 683 1011 Iex
710 961 775 1025 est,
807 961 841 1012 ut
862 961 894 1013 et
916 953 954 1012 de
978 949 1011 1015 νί
1033 953 1124 1014 etde
1148 950 1308 1014 maiestate
1330 953 1466 1016 damnati

141 1045 183 1107 ad
215 1043 371 1125 populum
404 1056 603 1125 provocent,
639 1043 666 1105 si
698 1043 808 1108 velint.
853 1045 943 1106 Haec
975 1056 1080 1106 utrum
1110 1046 1236 1107 taudem
1265 1045 1320 1109 lex
1347 1057 1395 1108 est
1427 1067 1466 1110 an

140 1138 253 1222 legum
274 1136 416 1200 omniurn
439 1135 657 1201 dissolutio?''
701 1137 844 1220 Philipp.
868 1139 898 1201 I.
922 1139 959 1214 9,
983 1139 1037 1201 91.

169 1296 336 1359 Aarosra
360 1293 401 1356 cle
423 1294 542 1378 quinto
564 1294 619 1358 die
641 1295 802 1359 ludorum
824 1299 1060 1360 Romanorum
1081 1296 1223 1361 Caesari
1243 1297 1437 1365 tribuendo·

228 1416 387 1494 ,Quaero
410 1416 578 1496 deinceps,
606 1438 698 1491 uum,
729 1417 899 1479 hodiernus
922 1414 988 1480 dies
1016 1415 1070 1500 qui
1095 1415 1153 1492 sit,
1176 1417 1330 1500 ignores?
1364 1419 1468 1483 nescir

141 1508 213 1573 heri
240 1522 390 1593 quartum
418 1512 449 1571 in
481 1508 580 1573 Circo
609 1509 691 1572 diem
722 1511 868 1573 ludorum
901 1511 1120 1573 Romanorum
1153 1510 1269 1585 luisse,
1306 1521 1339 1575 te
1362 1523 1467 1575 autem

140 1604 246 1684 ipsum
268 1605 309 1665 ad
323 1604 477 1684 populum
494 1603 618 1678 tulisse,
644 1617 678 1666 ut
693 1606 820 1684 quintus
841 1615 1004 1684 praetcrea
1019 1603 1086 1668 dies
1102 1602 1231 1669 Caesari
1248 1602 1468 1669 tribueretur?

141 1694 215 1761 Cur
235 1716 302 1759 non
326 1717 434 1758 snmus
454 1696 668 1777 praetextati?
692 1695 761 1760 Cm·
782 1698 936 1760 honorem
961 1695 1095 1761 Caesari
1115 1709 1168 1762 tua
1190 1699 1262 1784 Iege
1284 1699 1391 1761 datum
1412 1700 1469 1763 de·

139 1788 206 1853 seri
227 1789 421 1872 petimur‘?”
465 1791 607 1873 Philipp.
630 1792 676 1855 ll.
701 1793 756 1866 13,
781 1794 852 1857 110.

413 1949 572 2012 Aeros-n
594 1948 635 2011 cle
652 1952 908 2033 permutatione
927 1950 1198 2034 prouinciarum.

225 2073 308 2147 ,111.
337 2069 497 2133 Antonius
526 2070 637 2132 consul
667 2092 737 2133 cum
765 2071 955 2152 impotenter
984 2071 1202 2134 dominaretur
1234 2072 1401 2156 legemque
1430 2075 1469 2136 de

143 2163 380 2248 permutatione
403 2161 640 2244 provinciarum
666 2164 809 2245 pervim
837 2165 959 2227 tulisset
984 2176 1016 2228 et
1041 2163 1209 2228 Caesarem
1232 2165 1469 2243 (Octavianum)

144 2280 278 2343 quoque
301 2257 422 2339 maguis
446 2256 564 2318 iniuriis
588 2258 760 2332 affecisset,
794 2256 916 2320 Caesar
944 2269 975 2319 et
998 2257 1058 2319 sibi
1087 2270 1118 2320 et
1141 2257 1187 2321 rei
1211 2258 1357 2339 publicae
1383 2257 1469 2321 vires

144 2356 298 2417 adversus
314 2370 385 2413 eum
402 2362 572 2432 paraturus
591 2351 769 2413 deductos
761 2373 791 2412 m
808 2351 951 2413 colonias
971 2362 1140 2414 veteranos
1165 2350 1347 2415 excitaritl'
1390 2351 1469 2415 Liv.

144 2443 481 2527 1111ιώ111111-
521 2442 588 2525 Τὴν
609 2452 699 2553 piu
690 2440 1469 2554 .“1111ν.ω)ονι’ωντ1“,·ντωΜιέρκῳ(Ἀντωιὶὼκ

143 2540 201 2605 soei
227 2533 358 2647 :chuppa
387 2538 580 2694 δεδομένην,
606 2533 625 2605 ὁ
646 2532 797 2647 ἀδελφὸς
826 2533 930 2603 αὐτοῦ
956 2512 1059 2614 Γάϊος
1080 2508 1471 2649 σιρετέρ1ἰοαοι9111(1,ὃν·

143 2628 266 2717 vida)
288 2628 349 2712 τὴν
370 2632 406 2697 δὲ
428 2634 494 2697 I'ol
490 2631 597 2697 ariter
618 2626 678 2711 τὴν
699 2628 789 2708 ἐντὸς
811 2632 873 2697 τῶν
886 2619 1092 2709 Ἄλπεων,
1073 2658 1093 2724 η
1116 2656 1134 2696 ο
1123 2625 1349 2737 ιΒροῦτος
1334 2655 1353 2694 ο
1378 2631 1469 2696 Δέκι·

143 2748 206 2809 μσς
223 2727 485 2813 προσετέτακτο,
521 2720 622 2801 αὐτὸς
652 2727 770 2802 ἐκεῖνο,
795 2720 878 2809 μετὰ
905 2727 967 2790 τῶν
993 2719 1246 2809 στρατευμάτων
1268 2724 1331 2789 τῶν
1357 2723 1390 2799 ἐς
1410 2718 1469 2802 τὴν

143 2819 368 2887 Ἀπολλωνίαν
394 2820 694 2925 προπειιᾳθέντων,
722 2814 764 2895 ὡς
793 2824 848 2883 καὶ
877 2813 1093 2906 ἰσχυροτάτην
1124 2822 1180 2883 καὶ
1208 2824 1276 2893 τοῖς
1303 2838 1469 2901 χρν,μττο1ν

144 2914 265 2991 uiuae,
293 2907 499 2993 ἆιτιὶωβεῖν.
531 2935 635 2976 ταντα
657 2899 715 2977 οὖν
738 2912 928 3002 triensium,
977 2910 1041 2975 Dio
1069 2910 1199 2975 Cassius
1220 2912 1332 2974 XLV.
1355 2911 1386 2972 9.
1416 2908 1468 2971 99.

144 3008 195 3071 95.
218 3008 275 3069 31.
298 3006 432 3069 XLVI.
455 3007 506 3068 93.
531 3007 583 3067 91.
616 3041 654 3051 -
693 3007 754 3085 „In
783 3006 917 3067 Galliam
949 3005 1061 3067 inuasit
1088 3004 1263 3077 Antonius,
1299 3004 1329 3065 in
1357 3003 1466 3066 Asiam

143 3100 377 3173 Dolabella,
369 3122 400 3161 m
430 3101 560 3161 alienam
593 3058 725 3181 uterqite
755 3099 991 3180 provinciam.''
1035 3099 1177 3180 Philipp.
1208 3099 1272 3161 XI.
1302 3099 1337 3171 9,
1369 3099 1465 3158 1.-

145 3193 258 3273 „Idem
288 3196 359 3271 (M.
380 3193 567 3269 Antonius)
596 3193 793 3273 provinciam
826 3195 927 3255 Bruto
957 3191 1123 3274 designato
1156 3191 1278 3255 consuli
1307 3194 1466 3252 decretam

144 3288 281 3351 Galliam
305 3308 465 3366 occupare
488 3285 612 3360 statuit,
637 3287 803 3348 Dolabella
827 3284 1048 3347 transmarinas
1071 3286 1212 3347 decrevit
1228 3283 1323 3347 sibi.”
1345 3282 1465 3346 Vellei.

144 3380 189 3445 11.
210 3384 266 3443 (10.
290 3415 332 3425 -
357 3379 456 3442 Cous.
480 3380 620 3460 Appian.
646 3380 729 3441 Bell.
754 3379 831 3441 Civ.
858 3381 921 3443 Ill.
944 3382 998 3453 97,
1023 3380 1075 3440 30.

224 3473 308 3537 vid.
337 3473 431 3535 etiam
454 3474 571 3535 leniae
600 3495 624 3533 α
647 3475 703 3536 Μ.
726 3474 878 3535 Autom'o
898 3484 979 3554 post
1006 3484 1150 3535 mortem
1173 3471 1333 3536 Caesaris
1347 3470 1465 3547 sexoe.

704 3632 913 3693 Aceruntiae..

226 3754 351 3834 „Ergo
377 3763 424 3813 est
453 3751 506 3812 lcx
536 3749 689 3814 iustorum
717 3751 968 3836 iniustorumque
994 3751 1172 3824 distinctio,
1208 3755 1246 3813 ad
1273 3751 1355 3813 illam
1386 3750 1466 3811 anti-

145 3844 326 3929 quissimam
360 3857 392 3906 et
425 3866 530 3906 rerum
560 3849 695 3907 onmium
728 3846 900 3926 principem
931 3867 1083 3925 expressa
1112 3857 1270 3918 naturam3
1305 3846 1344 3905 ad
1374 3864 1465 3927 quam

145 3940 232 4025 leges
248 3940 412 4005 hominum
428 3938 625 4022 diriguntur,
651 3960 730 4021 quae
753 3939 909 4020 supplieIo
932 3938 1097 4020 improbos
1117 3939 1269 4015 alliciunt,
1295 3938 1465 4001 defendunt

146 4054 179 4097 ae
200 4044 333 4098 tueatur
356 4036 472 4095 bonos.
514 4036 556 4112 Q.
587 4033 757 4095 Praeclare
787 4033 950 4116 intelligo:
988 4054 1046 4095 nec
1078 4054 1154 4095 vcro
1184 4033 1243 4093 iam
1275 4030 1365 4093 aliam
1394 4049 1464 4091 esse

146 4130 237 4191 ullam
263 4128 368 4211 legem
399 4138 477 4206 puto
502 4147 565 4188 non
594 4128 688 4188 modo
712 4128 905 4200 habendam,
941 4130 995 4189 sed
1019 4149 1057 4189 ne
1084 4128 1300 4207 appellandam
1324 4121 1463 4204 quidem.

147 4224 196 4286 11.
220 4221 330 4305 Igitur
348 4232 383 4281 tu
406 4219 506 4282 Titias
528 4231 558 4283 et
578 4219 767 4299 Appuleiae
786 4220 874 4301 leges
902 4221 1001 4281 nullas
1026 4221 1138 4301 latitas?
1161 4224 1202 4300 Q.
1227 4220 1302 4295 Ego
1324 4237 1403 4278 vero
1425 4236 1464 4277 oe

149 4315 256 4378 Livias
279 4314 419 4399 quidem.
463 4315 518 4379 M.
543 4314 585 4374 Et
609 4323 713 4385 recte,
743 4334 823 4392 quitto
848 4315 1033 4393 praesertim
1059 4335 1121 4376 rtuo
1149 4313 1308 4373 versiculo
1337 4319 1464 4372 senatus

149 4421 261 4486 pnneto
290 4407 446 4489 temporis
472 4407 614 4469 sublatae
640 4405 718 4477 sint;
753 4407 804 4466 lex
835 4418 937 4468 autem
969 4409 1039 4480 illa,
1073 4407 1160 4468 cuius
1192 4406 1252 4465 vim
1288 4400 1462 4485 explicari,

150 4520 244 4586 nequae
272 4502 345 4566 tolli
375 4522 477 4583 nespue
511 4500 662 4581 abrogari
695 4500 832 4581 potest.'’
891 4504 928 4561 de
959 4502 1067 4581 chg.
1096 4500 1145 4561 ll.
1176 4498 1211 4570 (1,
1245 4499 1396 4559 13-11.
1422 4531 1463 4542 -

152 4598 358 4680 Appuleius
378 4595 589 4659 &timuimus
608 4596 810 4655 Gracchanas
828 4614 969 4655 asserere
983 4594 1069 4676 leges
1083 4615 1143 4655 nou
1160 4591 1311 4654 destitit.''
1345 4592 1462 4655 Florus

153 4686 209 4753 111.
234 4694 292 4766 te,
318 4697 351 4753 1.
376 4720 418 4732 -
439 4688 627 4771 ,lidgardis
652 4689 870 4750 Gracchorum
888 4687 1010 4763 legibus
1026 4687 1069 4750 ita
1088 4689 1286 4750 veliementer
1308 4684 1460 4758 incubuit,

154 4792 340 4849 uttenatum
364 4804 494 4868 meoque
517 4795 651 4867 cogeret
672 4782 704 4845 iu
729 4786 824 4846 verba
847 4804 903 4844 sua
925 4782 1064 4844 iurare.'’
1114 4782 1232 4847 Florus
1255 4780 1320 4844 Ill.
1352 4780 1407 4854 to,
1432 4780 1462 4842 9.
