3202 5318
546 321 759 387 seuerus
783 312 1055 391 cousunru.¹
1284 337 1294 351 ’
1405 337 1467 402 aas

136 484 250 546 pacem
282 459 553 541 concordiamque
585 461 761 535 convertit,
795 466 1102 528 senatusconsultum
1134 467 1183 532 his
1213 470 1321 534 verbis
1349 493 1466 539 museo

138 556 419 639 perscribendum:
459 554 551 616 Cum
574 573 591 613 a
614 554 668 614 M.
691 553 846 631 Lepido
875 555 1129 636 imperatore
1157 562 1364 640 pontifics
1393 586 1467 627 ma·

136 649 562 725 ximo'saepeuumero
593 665 658 706 res
687 646 922 724 publieaet
950 650 1050 711 bene
1078 663 1117 713 et
1142 650 1328 717 feliciter
1352 669 1466 738 gesta

134 743 206 816 sit,
224 737 693 822 populusqueRomanus
708 737 984 814 intellexerit,
1004 741 1039 802 ei
1055 743 1464 829 dominatumregium

134 832 302 897 maxime
325 827 568 909 displicere,
594 848 764 908 cumque
786 830 871 891 eius
902 851 1049 910 opera,
1075 835 1258 911 virtute,
1283 839 1466 904 consilio

131 922 419 1007 singularique
441 919 651 982 clementia
675 930 713 981 et
738 925 1036 985 mausuetudine
1067 925 1217 989 bellum
1248 930 1467 993 acerbissi-

132 1039 228 1080 mum
265 1013 392 1077 civile
429 1012 481 1074 sit
513 1011 776 1088 restinctum,
812 1016 1047 1097 Sextusque
1080 1019 1297 1099 Pompeius
1341 1020 1467 1084 Corsi

132 1109 249 1173 filius
270 1108 449 1189 Magnus
479 1104 597 1166 brrius
627 1106 784 1166 ordinis
813 1108 1067 1170 arrctoritate
1097 1112 1143 1171 ab
1166 1112 1291 1173 armis
1313 1112 1467 1175 disces„

133 1201 257 1275 serit,
282 1210 321 1262 et
344 1219 360 1259 a
381 1198 434 1260 M.
453 1195 606 1276 Lepido
627 1195 876 1276 imperatore
898 1200 1105 1279 pontifice
1127 1202 1297 1265 maximo
1319 1224 1466 1266 summa

135 1303 298 1355 senatus
328 1288 563 1371 populique
598 1288 769 1351 Romani
801 1291 1012 1353 voluntate
1042 1291 1210 1355 ciuitati
1242 1295 1469 1359 restitutus

135 1383 208 1447 ait:
232 1394 410 1444 senatum
434 1380 706 1461 populumque
723 1383 939 1444 Romanum
963 1404 1038 1464 pro
1060 1385 1239 1448 maximis
1261 1387 1466 1466 plurimis·
1526 1426 1527 1430 =

136 1474 277 1558 quein
306 1471 614 1553 rempublicam
644 1474 697 1535 M.
729 1473 875 1553 Lepidi
906 1474 1066 1537 meritis
1097 1497 1272 1560 magnam
1296 1479 1465 1560 spemin

138 1566 225 1630 eius
249 1564 416 1639 virtute,
441 1564 713 1640 auctoritate,
743 1564 1182 1646 felicitatereponere
1204 1569 1301 1646 otii,
1333 1570 1463 1652 pacis,

137 1657 402 1734 concordiae,
432 1656 662 1729 lih'ertatis3
696 1656 863 1739 eiusque
894 1657 932 1720 in
961 1679 1040 1720 rem
1071 1659 1273 1740 publicam
1305 1661 1466 1725 merito·

136 1771 221 1813 rum
243 1760 425 1812 senatum
447 1749 724 1831 populumque
749 1750 963 1812 Romanum
987 1771 1197 1813 memorem
1221 1753 1314 1816 fore
1347 1753 1467 1834 eique

135 1851 306 1904 statuam
328 1853 554 1924 equestrem
577 1840 802 1902 inauratam
825 1842 863 1902 in
887 1843 1054 1905 Rostris
1078 1857 1142 1906 aut
1165 1865 1241 1926 quo
1265 1844 1352 1907 alio
1374 1845 1466 1909 loco

134 1934 175 1996 in
205 1933 303 1997 foro
335 1932 435 1994 velit
466 1953 514 1994 ex
549 1930 668 1993 hrrius
701 1933 859 1994 ordinis
892 1935 1100 1997 sententia
1129 1936 1255 1998 statui
1284 1937 1464 2017 placere.

134 2027 280 2107 Philipp.
304 2025 340 2099 ⁵,
365 2026 421 2098 tn,
448 2027 501 2086 to.
526 2027 582 2085 dl.

221 2120 297 2180 Hoc
322 2129 468 2197 tempore
494 2118 535 2178 ita
559 2137 676 2179 censeo
704 2119 954 2179 decernendum:
993 2119 1108 2196 Quod
1132 2118 1173 2183 C.
1196 2118 1351 2194 Caesar
1373 2119 1467 2183 Caii

134 2209 253 2274 filius
273 2209 467 2291 pontifex
496 2229 571 2289 pro
594 2221 791 2289 praetore
814 2228 960 2270 srrrnmo
982 2209 1039 2271 rei
1061 2211 1253 2288 publicae
1282 2225 1466 2293 tempore

136 2301 288 2366 militas
312 2310 528 2363 veteranos
552 2303 594 2360 ad
618 2301 850 2362 libertatem
873 2299 1016 2379 populi
1033 2302 1198 2363 Romani
1222 2305 1465 2366 cohortatus

136 2398 191 2459 sit
213 2414 364 2478 eosque
386 2392 704 2473 conscripserim
728 2393 916 2474 quodque
941 2392 1050 2473 legio
1064 2390 1213 2455 Martia
1237 2405 1464 2477 quartaque

136 2504 286 2550 summo
326 2485 461 2547 studio
494 2483 734 2565 optimoque
765 2484 805 2544 in
834 2505 912 2545 rem
946 2483 1147 2564 publicam
1181 2505 1386 2549 consensu
1419 2485 1464 2551 C.

138 2577 313 2643 Caesare
333 2581 431 2663 duce
454 2587 491 2638 et
513 2587 683 2639 erectore
712 2596 792 2637 rem
821 2575 1036 2655 publicam,
1070 2573 1298 2637 libertatem
1322 2578 1465 2658 pupuli

138 2671 309 2737 Romani
340 2669 582 2742 defendant,
618 2667 900 2738 defenderint3
938 2681 976 2728 et
1004 2670 1110 2747 quod
1142 2665 1183 2730 C.
1208 2666 1360 2731 Caesar
1389 2649 1500 2752 peo⁸

137 2774 337 2846 praetore
366 2760 527 2823 Galliae
558 2759 797 2841 provinciae
831 2779 913 2821 cum
946 2759 1130 2821 exercitu
1162 2761 1346 2825 subsidio
1376 2783 1467 2843 pro·

136 2859 273 2920 fectus
296 2853 365 2926 sit,
390 2853 568 2934 equites,
592 2850 858 2933 sagittarios,
883 2852 1127 2930 elephantos
1151 2852 1186 2913 in
1209 2873 1315 2914 suam
1338 2875 1465 2934 popu·

137 2947 248 3027 lique
286 2943 456 3008 Romani
493 2955 738 3023 potestatem
776 2943 988 3024 redegerit
1025 2942 1365 3026 difficillimoque
1401 2945 1466 3007 rei

135 3037 328 3120 publicae
350 3049 534 3116 tempore
557 3035 681 3097 saluti
705 3034 985 3115 dignitatique
1005 3035 1146 3114 populi
1170 3035 1344 3097 Romani
1373 3039 1465 3099 sub-

136 3128 314 3192 venerit:
339 3129 388 3190 ob
411 3148 478 3189 eas
501 3147 646 3188 causas
669 3125 830 3187 senatui
853 3127 1035 3205 placere,
1068 3125 1109 3188 C.
1135 3126 1350 3189 Caesarem
1376 3128 1465 3192 Caii

136 3220 266 3284 filium
300 3218 546 3300 pontificem
581 3239 656 3298 pro
689 3228 886 3297 praetore
920 3229 1148 3279 senatorem
1184 3239 1272 3280 esse
1305 3232 1464 3283 senten·

135 3310 314 3392 tiamque
338 3312 427 3372 loco
450 3309 665 3386 praetorio
694 3308 845 3383 dicere,
881 3308 1047 3388 eiusque
1080 3309 1296 3387 rationem,
1334 3334 1465 3395 quiem·

137 3423 292 3483 cunque
316 3400 595 3483 magistratum
619 3413 754 3480 petet,
787 3402 841 3462 ita
866 3401 1022 3472 haberi,
1057 3413 1182 3480 pront
1206 3404 1347 3466 haberi
1372 3405 1464 3486 lege

136 3495 303 3567 liceret,
329 3493 362 3554 si
384 3513 485 3553 anno
509 3491 728 3572 superiore
752 3505 950 3570 quaestor
971 3493 1130 3554 fuisset.
1148 3493 1287 3575 Philipp.
1301 3497 1331 3568 5,
1349 3498 1465 3568 ibib.

223 3586 274 3648 De
297 3586 439 3646 exercitu
464 3584 505 3646 C.
531 3583 678 3647 Caesaris
700 3583 743 3644 ita
765 3604 882 3645 censeo
905 3585 1154 3645 decernendum:
1185 3585 1359 3645 Senatui
1381 3587 1466 3663 pla·

139 3698 250 3748 cere,
276 3676 477 3738 militibus
501 3677 725 3747 veteranis,
749 3674 815 3756 qui
838 3674 1046 3746 Caesaris,
1071 3674 1309 3752 pontificis,
1334 3675 1385 3709 Η
1406 3696 1466 3735 au-

139 3768 466 3849 ctoritatemque
488 3768 605 3829 buius
628 3766 790 3828 ordinis
813 3764 1213 3845 defenderintatque
1230 3765 1464 3836 defendant,

137 3860 186 3923 iis
211 3859 440 3941 liberisque
463 3880 597 3921 eorum
621 3858 792 3932 militiae
822 3855 1078 3918 vacationem
1107 3858 1216 3917 es'sc:
1253 3855 1397 3936 ntique
1421 3850 1476 3917 C.

137 3953 287 4024 Pansa,
319 3953 364 4013 A.
389 3951 574 4022 Hirtius,
607 3949 810 4019 consules,
843 3950 947 4009 alter
970 3948 1153 4018 ambove,
1177 3948 1214 4008 S.
1237 3949 1280 4009 E.
1308 3948 1367 4021 V.,
1392 3957 1465 4008 coi

136 4054 402 4125 gnoscerent,
428 4042 495 4124 qui
518 4061 616 4123 ager
644 4040 695 4101 iis
725 4039 908 4102 coloniis
931 4049 1058 4110 esset,
1083 4058 1160 4119 quo
1183 4039 1333 4099 milites
1357 4046 1465 4099 vete·

133 4133 221 4196 rani
244 4134 406 4196 deducti
430 4143 583 4204 essent,
601 4130 668 4212 qui
690 4142 834 4194 contra
858 4131 984 4212 legem
1001 4129 1141 4190 luliam
1164 4129 1462 4209 possideretur,

133 4236 177 4287 nt
206 4224 238 4286 is
268 4224 465 4286 militibus
498 4223 706 4285 vctcranis
735 4222 1020 4294 divideretur;
1054 4225 1099 4284 de
1129 4240 1230 4303 agro
1261 4220 1465 4299 Campano

132 4315 347 4396 separatim
379 4326 707 4397 cognoscerent,
743 4314 974 4393 inirentque
1004 4314 1208 4375 rationem
1234 4313 1276 4370 de
1298 4330 1465 4373 eommo-

133 4407 194 4469 dis
217 4407 384 4469 militum
409 4419 698 4468 veteranorum
721 4404 932 4484 augendis3
965 4403 1206 4484 legionique
1229 4401 1407 4465 Martiae
1428 4412 1466 4464 et

134 4499 298 4580 legioni
327 4510 509 4579 quartae,
544 4508 584 4558 et
605 4496 655 4558 iis
678 4496 896 4565 militibus,
931 4494 1066 4573 quide
1090 4493 1463 4572 legioneseeuuda,

133 4590 355 4652 tricesima
387 4589 540 4671 quinta,
575 4591 619 4649 ad
656 4585 697 4650 C.
734 4589 922 4657 Pansam,
959 4587 1004 4647 Α.
1038 4583 1238 4658 Hirtium,
1274 4584 1465 4646 consules

136 4690 363 4756 venissent,
399 4700 548 4762 suaque
579 4685 734 4772 nomina
763 4678 990 4750 dedissent,
1025 4679 1129 4758 quod
1157 4677 1205 4738 iis
1234 4679 1464 4739 auctoritas
