3202 5318
225 323 267 389 48
790 394 793 398 Α
812 316 971 389 tunnx.

225 487 280 549 ap.
303 464 389 531 Plin.
412 466 583 531 XXXIV.
606 464 639 527 8.
663 474 712 528 est
734 463 868 547 Iupiter
890 457 1011 550 antip.
1055 461 1201 539 Seilicet,
1223 466 1387 531 Seruator
1412 476 1462 531 eat
1481 495 1546 536 ees-

227 562 304 644 τῆρ,
337 571 490 645 qesataaus
518 580 535 621 a
567 557 654 621 usalis
689 569 719 621 et
747 558 896 640 periculis
922 557 1054 621 liberate
1084 570 1119 619 ut
1141 556 1348 645 Plinius-loc.
1375 558 1431 623 cit.
1461 561 1547 627 Pen-

228 667 333 718 eesteu
351 663 447 718 vocat
467 651 645 717 Alexandri
672 656 909 726 Sernatorem,
944 652 1016 733 quia
1046 650 1141 715 morti
1166 649 1300 731 crinein
1333 673 1399 715 non
1422 664 1544 729 autem,

225 761 380 832 qssatenus
403 746 512 833 σοιῆρ
535 747 614 810 idem
642 756 689 808 est
714 739 892 829 εὐεργέτης,
915 745 969 828 qui
993 765 1053 809 nos
1071 743 1246 819 commodis
1264 757 1362 830 anget
1383 756 1418 811 et
1439 760 1543 812 ornat.

225 843 306 906 Nam
327 844 428 906 Soter
447 851 496 905 est
521 839 621 911 idem,
651 839 704 922 qtsi
726 842 921 923 Euergeta‚
952 850 1006 904 aut
1028 840 1125 921 paulo
1146 840 1235 922 plus,
1266 850 1299 902 et
1318 839 1477 905 intertum
1500 843 1546 905 al·

224 945 325 998 tertam
357 956 418 1018 pro
448 934 551 997 altero
581 932 724 1016 ponitur.
769 933 823 995 Sic
848 955 881 996 v.
910 956 940 996 c.
971 934 1093 1014 Polyb.
1116 935 1159 998 L.
1181 934 1229 997 V.
1251 954 1286 1014 p.
1307 934 1382 997 50⁰.
1406 956 1545 1003 camme·

226 1040 349 1105 morat,
381 1028 580 1111 Antigonum
611 1028 772 1090 Tutorem
795 1047 859 1090 non
888 1027 993 1091 solum
1023 1026 1129 1091 aivsam
1158 1050 1226 1094 esse
1250 1036 1468 1111 Euergetam
1490 1045 1545 1107 tp·

225 1122 394 1206 pellatam,
419 1124 475 1185 sed
497 1121 588 1184 etiam
607 1124 733 1185 Sotera
754 1132 828 1202 post
853 1134 999 1185 martem.
1038 1120 1132 1207 Adtle
1154 1122 1254 1190 Dion.
1278 1127 1373 1193 Cass.
1398 1128 1443 1191 L.
1467 1122 1545 1189 LII.

223 1238 300 1300 pag.
325 1216 418 1292 lii„
442 1215 494 1277 nti
510 1215 682 1279 Maecenas
704 1214 746 1277 ait
769 1213 875 1278 Patris
903 1226 933 1277 et
962 1215 1085 1278 Soteris
1110 1238 1224 1281 noussen
1249 1233 1455 1302 accepturum
1477 1220 1544 1284 Au·

224 1323 353 1393 gustum
375 1331 415 1373 ex
438 1308 573 1391 imperio
594 1309 690 1383 iusto,
714 1329 829 1391 aeqsso,
850 1308 925 1372 leni.
972 1310 1081 1372 Eam.-
1110 1309 1166 1375 cf.
1189 1311 1281 1375 etiam
1304 1313 1541 1395 inscriptionem

225 1406 397 1489 bilinguem
426 1409 508 1487 apud
538 1406 690 1487 sponium
718 1402 794 1466 Itin.
824 1404 921 1465 Τοιιι.
953 1402 1020 1465 ΙΙΙ.
1050 1424 1084 1484 p.
1117 1406 1190 1468 145.
1214 1405 1371 1472 laudatam
1396 1429 1415 1470 a
1443 1408 1542 1475 Gata-

225 1497 316 1564 toni0
332 1499 416 1562 euris
436 1501 567 1564 secund.
584 1498 614 1561 in
639 1496 840 1563 Plancianam
866 1520 900 1579 p.
924 1496 964 1558 30
986 1501 1103 1577 (repet.
1128 1497 1232 1564 Orell.
1255 1521 1284 1565 c.
1308 1502 1386 1582 19.).
1409 1504 1543 1568 zinn.

309 1597 480 1680 Σώφρων,
510 1605 723 1677 temperans,
757 1592 973 1665 moderatus,
1007 1591 1201 1669 modestice,
1229 1607 1412 1674 constane,
1437 1598 1544 1663 conti·

224 1700 326 1764 nsue,
356 1693 458 1754 homo
479 1686 607 1779 frugi.
659 1685 886 1771 Σωφροσύνη,
915 1685 1163 1766 temperantia,
1196 1689 1409 1763 moderatim
1432 1691 1545 1759 moele-

226 1785 315 1858 stia,
327 1782 545 1876 flagaiitas.
576 1780 697 1855 „Veri
719 1780 812 1843 etiam
839 1778 939 1842 simile
967 1777 1042 1839 illuel
1066 1790 1133 1853 est,
1165 1780 1219 1864 qsai
1239 1781 1280 1845 sit
1303 1794 1486 1864 temperans
1505 1818 1545 1833 -

224 1900 318 1962 queem
345 1877 461 1943 Graeci
484 1876 644 1962 σώφρονα
669 1874 830 1957 appellant
852 1893 983 1956 casasque
1000 1870 1147 1937 virtutem
1168 1877 1388 1958 σωφροσύνην
1412 1891 1543 1953 vacant,

225 1993 320 2055 qssam
343 1972 436 2036 soleo
454 1970 598 2055 equidem
622 1982 687 2031 tum
707 1967 971 2050 temperantiam
991 1977 1058 2027 tum
1080 1969 1351 2035 moderationem
1369 1974 1543 2055 appellare,

226 2087 450 2150 nonnunquam
474 2063 574 2128 etiam
599 2063 819 2134 modestiam
842 2063 897 2123 sed
925 2062 1007 2122 hand
1026 2059 1093 2125 selo
1117 2083 1155 2124 an
1174 2075 1260 2127 reete
1283 2086 1321 2128 ea
1339 2066 1443 2130 virtus
1454 2064 1544 2157 fraa-

228 2160 357 2245 galitas
379 2157 532 2241 appellari
555 2157 674 2239 possit,
700 2159 787 2241 qetoel
807 2154 972 2239 atsgssstius
989 2156 1070 2235 apud
1095 2157 1241 2222 Graecos
1262 2160 1363 2233 valet,
1387 2158 1444 2242 qssi
1458 2159 1543 2244 lengi

226 2255 369 2317 homines
391 2265 571 2340 χρησίμους
593 2251 773 2333 appellant,
802 2249 921 2324 idest,
955 2252 1174 2314 tantummodo
1200 2250 1313 2327 utiles;
1347 2264 1380 2316 at
1400 2253 1480 2317 illud
1499 2265 1545 2317 est

227 2347 338 2412 latius:
370 2351 471 2411 omnis
495 2346 575 2409 enim
600 2343 804 2417 abstinentia,
833 2343 935 2406 oannis
963 2344 1140 2408 innocentia
1163 2381 1204 2392 —
1227 2375 1267 2389 -
1288 2345 1430 2429 reliquas
1456 2346 1544 2411 etIasa

228 2441 364 2507 virtutes
384 2440 553 2526 frugalitas
576 2437 751 2503 continet.''
774 2440 874 2502 'susa
891 2438 959 2503 111.
975 2439 1005 2518 3,
1023 2440 1075 2503 16.
1101 2437 1201 2504 Cani.
1219 2441 1320 2531 [Insa.
1335 2440 1405 2505 lv.
1425 2440 1478 2518 tn,
1493 2440 1544 2504 36.

853 2625 914 2705 Τ.

317 2823 440 2902 Taynt,
461 2818 577 2881 duces.
620 2818 741 2900 „Ergo
764 2814 1036 2888 summiserint,
1061 2813 1115 2897 qui
1137 2825 1231 2897 rapot
1250 2835 1318 2877 esse
1340 2814 1545 2881 noluimna?”

232 2915 271 2977 ad
291 2914 366 2977 Au.
389 2914 457 2976 lV.
480 2914 517 2987 (ι,
542 2912 574 2975 2.

317 3007 370 3071 Tri
391 3005 479 3072 κατὰ
507 3017 625 3091 μέρος,
655 3004 795 3088 singula
815 3024 979 3089 artaeque.
1025 3001 1096 3080 „De
1120 3002 1281 3067 Mamello
1311 3001 1485 3086 scripserat
1510 3004 1546 3067 ael

230 3121 280 3163 me
302 3099 434 3163 Cassius
456 3111 566 3173 antea3
590 3098 630 3164 asi
657 3099 741 3165 κατὰ
755 3110 853 3183 μέρος
875 3095 1045 3160 Servius.”
1089 3098 1128 3158 ad
1150 3102 1223 3160 Ate.
1245 3096 1348 3161 XIII.
1372 3096 1434 3175 22,
1457 3098 1489 3164 2.

318 3194 372 3259 Tei
398 3193 474 3259 κενὰ
502 3198 559 3259 roi
581 3200 740 3278 πολέμου,
776 3192 895 3255 inanes
927 3203 1079 3254 terrores
1107 3190 1196 3254 belii·
1252 3189 1350 3272 „Seia
1377 3190 1461 3257 anisa
1489 3190 1547 3257 tici

231 3289 382 3371 quaedam
404 3288 559 3362 Hastati,
583 3287 642 3350 (liei
665 3288 737 3350 item
766 3287 806 3352 τὰ
828 3285 985 3351 asna-roei
1008 3283 1189 3367 noltpon.”
1213 3286 1252 3346 ad
1274 3287 1344 3348 Au.
1369 3286 1417 3351 V.
1442 3286 1493 3361 20.
1513 3286 1545 3349 t.

318 3383 370 3447 tit
394 3383 577 3463 κεφάλαια,
610 3382 736 3464 capita.
792 3383 893 3465 „Ego
915 3393 1017 3442 autem
1045 3391 1078 3443 et
1101 3379 1171 3442 eiua
1195 3378 1403 3457 (Posidonii)
1435 3380 1546 3443 libanu

232 3475 385 3564 arcessivi
415 3487 445 3539 et
471 3480 509 3539 ad
536 3478 784 3540 Athenodorum
806 3475 941 3541 Calvum
961 3470 1094 3555 scripsi,
1128 3485 1163 3537 nt
1183 3475 1223 3536 ad
1245 3494 1294 3537 mc
1317 3475 1357 3539 τὰ
1378 3474 1546 3557 κεφάλαια

232 3570 413 3634 mitteret.’'
457 3572 498 3633 ad
519 3573 589 3634 Au.
612 3571 712 3634 XVI.
739 3574 793 3646 ll,
824 3573 855 3633 4.

316 3665 369 3729 Τὰ
393 3675 454 3748 μὲν
470 3664 634 3748 διδόμενα.
681 3666 765 3737 „llic
791 3663 977 3748 obiurgavit
1000 3674 1109 3727 vetere
1131 3660 1328 3745 proverbio,
1353 3661 1394 3727 sci
1419 3672 1481 3746 pta
1501 3665 1547 3726 δι·

232 3757 394 3843 raptast
438 3759 477 3821 nt
498 3761 568 3822 Au.
592 3759 655 3822 Vl.
679 3760 721 3832 5,
745 3759 778 3821 2.
822 3759 1204 3833 adAtt.xv.1t,1.
1249 3755 1547 3820 Proverbiumlaoe

232 3853 275 3916 ita
298 3850 423 3935 expleri
452 3873 470 3915 e
497 3852 641 3915 Platonis
670 3853 795 3936 Gorgia
824 3853 878 3935 [ρ.
902 3853 990 3929 492,
1015 3850 1056 3916 C.
1080 3851 1134 3916 ubi
1152 3850 1217 3914 vid.
1241 3850 1399 3932 Heiutu]
1421 3861 1544 3935 potest:

234 3948 275 4012 τὰ
293 3958 353 4032 ptr
366 3946 527 4030 micipsae
551 3947 678 4029 ἀνάγκη
708 3953 877 4024 δέχεσθαι,
903 3968 991 4031 qaas
1012 3947 1141 4011 dantur
1155 3964 1289 4008 necstas
1309 3956 1362 4009 eat
1380 3944 1545 4028 accipere.

235 4042 290 4105 Sic
305 4040 495 4125 obiurgabat
511 4040 702 4104 Philotimus
721 4041 908 4106 Ciceronem
932 4044 970 4105 ele
990 4040 1167 4106 rationibus
1187 4037 1322 4104 turbetis
1344 4052 1544 4124 qnereatata.

235 4135 427 4220 volebatque
462 4134 652 4202 Ciceronem
688 4155 726 4196 ex
760 4154 799 4198 eo
829 4135 1006 4217 proverbio
1038 4135 1215 4200 rationibus
1246 4130 1339 4196 editis
1366 4142 1543 4199 conmutat
1575 4118 1591 4263 ε

234 4248 318 4293 esse.
362 4231 448 4294 Enu.

320 4323 375 4389 Τὰ
395 4336 454 4406 μὲν
475 4319 533 4390 οὖν
555 4326 628 4389 καθ’
655 4325 741 4406 ἡμᾶς
764 4323 856 4400 τάδε,
878 4347 966 4410 quae
983 4325 1093 4407 igitser
1113 4323 1161 4387 ati
1174 4343 1240 4387 nos
1250 4321 1447 4407 peretrum,
1468 4322 1543 4385 tuse
1574 4304 1591 4363 ξ

236 4429 329 4481 sunt.
372 4420 411 4479 ad
433 4418 524 4481 Fam.
546 4418 647 4482 XVI.
672 4419 729 4493 tt,
754 4420 786 4483 5.
1571 4412 1578 4455 ¹

323 4512 526 4597 Ταξιάρχης,
559 4512 692 4577 ordinis
719 4513 812 4587 dux,
845 4513 1012 4579 centurio.
1041 4510 1255 4597 ·„Anagnini
1283 4520 1374 4588 sunt,
1410 4509 1542 4577 Mustela
1574 4496 1591 4559 Ι

238 4603 414 4684 ταξιάρχης
433 4619 464 4667 et
480 4609 591 4679 Laco,
615 4605 671 4690 qui
687 4605 857 4687 plurimum
874 4607 986 4672 hibit.''
1029 4610 1068 4670 ad
1090 4610 1162 4671 Aac.
1184 4606 1285 4671 XVI.
1308 4605 1368 4681 11,
1397 4604 1431 4671 I.
1471 4602 1541 4669 Vai.
1570 4606 1591 4655 1

240 4697 432 4761 Perizonius
455 4702 495 4761 nd
517 4699 640 4764 Aelian.
666 4703 714 4765 V.
737 4701 784 4763 Η.
807 4699 843 4763 ll.
873 4703 928 4765 44.
979 4702 1151 4783 Spanhem.
1175 4704 1215 4764 nd
1236 4698 1353 4764 lnliaa.
1376 4698 1439 4763 Or.
1461 4698 1540 4780 Μ.
1569 4688 1591 4749 ‘⁵

240 4793 316 4858 tat.
359 4790 448 4857 Cave
465 4805 568 4856 antem
586 4805 678 4876 putes
700 4795 832 4880 proprie
854 4796 1026 4861 Mustelam
1049 4796 1119 4859 sive
1138 4793 1373 4872 centurionem·
1396 4793 1467 4861 aiva
1489 4792 1541 4859 tai-
1569 4800 1591 4915 ξ
