3202 5318
42 314 46 321 ’
135 340 176 405 ιι
352 418 354 426 ,
720 343 868 417 ιιιιιιιιι

134 481 232 555 nitur.
241 480 259 509 '’
310 485 348 551 te
378 478 473 553 Fiun·
479 524 484 535 ·
504 483 569 553 111.
599 484 657 562 12,
689 486 742 548 10.
773 518 814 528 -
866 486 996 567 „Herios
1024 485 1123 571 igitur
1146 484 1272 553 virtutis
1294 486 1456 552 contraria

134 593 182 640 est
210 575 400 640 uitiositas:
434 575 481 657 sic
509 578 592 645 enim
623 582 704 651 meio
734 601 827 666 qoam
858 581 1028 657 malitiam
1053 580 1215 663 appellare
1237 601 1323 655 eam,
1363 603 1456 666 quam

136 671 251 737 Graeci
277 683 395 737 ιωικιαν
422 672 601 791 appellant.
630 694 699 739 narn
729 674 844 741 malitia
873 674 952 737 certi
975 675 1135 747 cuiusdam
1159 673 1227 741 vitii
1248 696 1365 747 nomen
1388 690 1456 753 est,

135 762 291 841 vinositas
312 765 478 849 οιιιιιίιιιῐιῧ
482 766 634 831 T.nsc
657 767 722 833 IV·
749 769 807 844 15,
832 770 885 833 st.

219 861 502 944 Κακοστόμαχος,
529 860 734 930 imbecillum
755 865 970 931 stomaclmm
992 884 1048 929 seu
1071 861 1295 929 ventriculum
1321 863 1462 931 habens.

135 952 216 1035 „Ius
248 956 382 1016 dandum
417 953 474 1016 tihi
510 975 571 1019 trun
604 955 684 1033 fuit,
721 979 791 1020 cum
827 959 1076 1041 κακοστόμαχος
1110 956 1234 1022 esses.'’
1293 959 1334 1020 ad
1366 958 1458 1025 Fam.

132 1050 234 1125 XVI.
259 1051 295 1128 t,
321 1054 352 1111 1.

216 1147 463 1223 Καλλιππίδης,
486 1144 702 1226 Callippides.
728 1144 911 1225 ,Biennium
936 1145 1112 1226 peranteriit,
1137 1166 1208 1209 cum
1230 1144 1287 1209 ille
1306 1151 1459 1220 Καλλικ-

132 1244 225 1318 κιδης
258 1239 413 1318 (Varro)
441 1238 568 1301 assiduo
598 1259 692 1300 cttrsu
726 1237 867 1301 cubitum
898 1239 1015 1302 nullom
1044 1237 1252 1320 processerit.
1263 1240 1281 1267 ’'
1327 1243 1368 1305 ad
1390 1245 1457 1311 Au.

133 1333 235 1408 XIII.
260 1333 321 1408 12,
345 1332 378 1396 3.
423 1331 503 1396 Vid.
528 1332 697 1397 Onomast.
721 1355 748 1396 s.
774 1355 805 1395 v.
830 1333 1046 1419 Callippidas.

216 1429 350 1504 Καλόν,
378 1427 429 1502 τό,
453 1430 660 1490 honestum..
691 1430 731 1493 ad
753 1428 845 1491 Fam.
870 1429 953 1505 XV.
978 1431 1033 1505 17,
1059 1427 1090 1490 3.
1115 1460 1153 1470 -
1178 1427 1261 1497 XV.
1286 1430 1345 1506 tu,
1372 1431 1405 1494 2.

216 1522 350 1598 Καλόν,
371 1522 421 1588 τό.
465 1523 625 1602 ,Ἡδονὴν
640 1533 672 1583 et
694 1525 878 1606 ἀταραξίαν
902 1520 1040 1596 virtute,
1064 1521 1200 1598 iustitia,
1223 1529 1269 1605 τῷ
1290 1530 1385 1606 mini
1404 1546 1456 1609 pa·

133 1616 199 1683 rari
220 1628 253 1680 et
274 1637 386 1689 verum
409 1627 441 1681 et
463 1617 632 1698 probabile
655 1615 743 1681 est.'’
788 1618 828 1678 ad
850 1617 941 1680 Fam.
965 1616 1047 1680 XV.
1072 1617 1130 1690 19,
1156 1617 1187 1678 2.
1455 1616 1459 1624 “

218 1715 372 1794 Kaprai.
419 1709 479 1790 „Si
503 1732 639 1794 nmquam
664 1709 736 1772 mihi
760 1717 926 1797 repletior,
955 1711 981 1772 si
1003 1723 1150 1795 καμκαί,
1174 1711 1201 1775 si
1223 1714 1455 1797 ἐνθυμήματα,

135 1807 161 1881 st
185 1816 384 1874 κατασκευαὶ
408 1804 710 1887 suppeditaverunt,
740 1805 795 1868 itto
818 1805 1004 1891 tempore.'‘
1058 1807 1098 1870 ad
1120 1808 1188 1881 Att.
1212 1808 1240 1871 t.
1267 1806 1328 1883 tt,
1360 1808 1392 1870 t.
1415 1807 1455 1871 cl.

74 1895 76 1898 Α
133 1905 310 1990 Περίοδοι.

219 1995 440 2081 Κανηφόροι,
473 1996 699 2079 canephoroe.
757 2046 772 2076 „
787 1996 888 2087 Erant
923 2015 1017 2059 aenea
1052 1998 1116 2059 dno
1147 2007 1316 2079 praeterea
1349 1996 1455 2083 signe,

135 2112 200 2157 non
228 2089 380 2164 maxima,
416 2109 527 2153 verum
550 2088 662 2153 eximia
686 2100 871 2164 venustate,
902 2088 1050 2174 virginali
1071 2088 1182 2153 habitu
1205 2099 1302 2174 atque
1325 2092 1455 2167 vestito,

136 2206 219 2272 quae
250 2183 393 2249 manibus
422 2181 554 2247 sublatis
581 2204 671 2246 sacra
695 2186 868 2268 quaedam,
904 2203 994 2246 more
1016 2183 1258 2249 Atheniensium
1282 2184 1456 2271 virgiuum,

134 2278 277 2364 reposita
310 2278 343 2342 io
378 2275 536 2360 capitibus
572 2276 783 2342 sustinebant.
841 2280 1062 2361 Canephoroe
1099 2279 1187 2361 ipsae
1216 2280 1429 2344 vorabantur.
1441 2279 1457 2306 ’'

135 2373 237 2449 Verr-
261 2374 326 2438 IV.
348 2373 388 2448 3,
411 2375 444 2438 5.

219 2469 333 2539 Ktir
316 2470 381 2537 υνιὸ
409 2481 504 2551 στέγῃ
486 2470 708 2544 ιΠυκνιῖς’
686 2495 784 2533 ακουι
788 2495 819 2533 ιν
838 2468 982 2548 ψεναδος
998 2467 1135 2552 ιῦδούσρ
1159 2481 1270 2556 φρενί,
1295 2479 1329 2532 et
1346 2469 1457 2561 ulique

136 2562 199 2631 rub
212 2575 303 2629 tecto
317 2559 508 2652 confertim
528 2563 699 2626 labentem
719 2562 842 2625 uredine
855 2562 1010 2645 pluviam
1024 2561 1138 2644 sopito
1151 2573 1185 2625 et
1197 2562 1317 2669 puieto
1329 2562 1456 2627 animm

136 2660 175 2727 ut
196 2659 268 2722 au.
289 2657 338 2724 11.
364 2661 402 2733 7,
433 2658 464 2719 d.
509 2657 737 2741 Fragmentum
762 2655 951 2737 Sophoclis,
983 2657 1070 2740 quod
1092 2666 1140 2718 est
1162 2656 1256 2723 etiam
1279 2658 1365 2738 apud
1387 2656 1457 2720 Sto·

138 2753 250 2819 haeum
273 2774 303 2816 c.
328 2753 381 2816 57.
405 2754 418 2834 [
427 2751 525 2826 LIX,
550 2752 625 2833 12.]
649 2752 733 2815 Eos.
758 2751 836 2815 vio.
859 2748 1014 2823 Diodori.
1039 2751 1153 2834 Frgm.
1177 2752 1282 2834 Soph.
1306 2749 1383 2815 563.

221 2845 366 2923 Κανών,
392 2847 531 2930 regula,
567 2866 703 2908 norma.
764 2892 778 2920 „
791 2846 879 2911 Heus
919 2856 951 2906 to
985 2843 1128 2923 (Tito),
1163 2845 1217 2928 qui
1250 2846 1361 2913 κανων
1392 2863 1457 2911 esse

139 2962 284 3007 meorum
313 2938 506 3022 scriptorum
530 2939 615 3003 soles
625 2941 663 3015 ’',
695 2939 717 3003 i.
742 2960 772 3002 e.
796 2960 861 3023 qtso
885 2941 925 3000 ad
946 2937 1048 3001 libros
1072 2959 1158 3005 meos
1182 2938 1409 3004 examinandos
1428 2946 1459 3003 rt

140 3035 352 3101 emendandos
373 3033 420 3096 uti
442 3032 547 3098 soleo.
572 3034 611 3097 ad
633 3034 724 3096 Fam.
747 3033 848 3099 XVI.
873 3036 931 3108 17,
957 3036 987 3095 1.

223 3129 445 3210 Κατάβασις,
471 3127 671 3201 descensus,
700 3125 772 3190 scil.
803 3126 833 3189 in
856 3138 977 3190 antrum
1003 3127 1197 3210 Trophonii.
1246 3180 1263 3210 „
1274 3127 1459 3203 Dicaearchi

141 3243 224 3308 quos
246 3222 358 3287 scribis
380 3221 482 3287 libros
504 3241 579 3289 sane
602 3220 696 3284 velim
720 3219 795 3283 mihi
818 3219 946 3284 mittas:
971 3223 1068 3284 addas
1090 3220 1183 3289 etiam
1206 3224 1432 3306 καταβάσεως.
1442 3221 1459 3248 ”

141 3318 180 3379 ad
202 3319 273 3380 Ao.
298 3315 401 3395 XIII.
425 3314 482 3389 31,
507 3315 539 3379 2.
563 3351 601 3362 -
625 3367 641 3396 ,‚
651 3314 841 3381 Dicaearchi
863 3325 937 3402 περὶ
964 3320 1072 3396 ψυχῆς
1096 3325 1252 3401 utrosque
1276 3317 1371 3380 velim
1393 3317 1461 3381 mit·

141 3423 189 3474 tas
212 3422 243 3473 et
264 3407 515 3490 καταβάσεως.”
559 3412 597 3471 ad
632 3409 702 3473 Au.
732 3409 834 3472 XIII.
862 3410 921 3484 32,
955 3409 986 3471 2.
1016 3446 1053 3458 —
1107 3409 1328 3492 „Dicaearchi
1349 3410 1459 3474 librum

141 3505 269 3588 accepi:
292 3504 505 3586 καταβάσεως
529 3503 724 3585 exspecto.''
769 3506 807 3565 ad
831 3505 900 3566 Att.
924 3504 1026 3567 XIII.
1048 3505 1106 3581 33,
1133 3505 1166 3566 2.

224 3603 456 3680 Καταβίωσις,
482 3598 571 3661 uitae
592 3598 640 3660 ad
662 3598 795 3667 exitum
815 3598 1013 3679 perducite,
1048 3598 1200 3683 reliquus
1221 3597 1312 3662 vitae
1340 3619 1459 3664 cursus

141 3695 194 3759 rel
221 3693 400 3757 decursus.
453 3692 534 3773 „At
562 3699 763 3774 καταβίωσιν
793 3690 1043 3776 maestitiamque
1066 3692 1264 3757 minuendam
1287 3693 1366 3758 nihil
1387 3691 1457 3759 mihi

101 3800 112 3819 ¹
140 3789 275 3874 reperiri
295 3796 405 3871 potest
426 3785 541 3869 aptius.
551 3785 569 3810 ''
614 3790 653 3849 ad
675 3790 749 3862 Att.
772 3784 875 3851 XIII.
902 3791 939 3862 1,
963 3787 996 3850 2.

31 3960 34 3967 Α
224 3883 325 3952 Κατὰ
348 3880 520 3969 Διόδωρον
540 3892 680 3963 κρίνειν,
710 3881 898 3944 secundum
924 3880 1121 3945 Diodorum
1143 3881 1194 3944 vel
1215 3903 1263 3945 ear
1292 3881 1458 3947 sententio

139 3977 291 4045 Diodori
311 3976 476 4041 iudicare.
520 3979 630 4061 ,Περὶ
652 3979 795 4041 δννατῶν
818 3996 867 4041 me
889 3974 972 4038 scito
1001 3976 1085 4040 κατὰ
1107 3976 1279 4063 Διόδωρον
1303 3974 1457 4064 κρίνειν.”

140 4075 180 4139 ad
201 4073 293 4147 Fam.
317 4070 383 4137 IX.
407 4071 439 4133 t.
463 4067 543 4133 Vid.
570 4069 797 4146 Onoroasticon
820 4091 848 4131 s.
871 4090 906 4132 ιι.
930 4069 1123 4135 Diodorus.

222 4170 425 4243 Κατακλιίς,
462 4166 630 4229 clausula.
683 4163 772 4237 ..set
800 4184 848 4226 me
877 4170 1046 4243 κατακλιῖς
1079 4185 1147 4228 ntea
1173 4163 1228 4227 itta
1255 4178 1456 4240 commovet,

139 4281 219 4345 qnae
242 4272 289 4323 est
310 4259 342 4322 in
364 4258 449 4322 libro
471 4258 609 4322 tertio.'’
633 4260 672 4320 ad
693 4259 765 4322 Au.
789 4258 838 4321 II.
863 4258 901 4333 3,
925 4257 957 4321 3.
981 4256 1066 4321 Vide
1087 4258 1295 4336 Κατάτασις.
1317 4296 1360 4306 -
1380 4260 1460 4343 „Illa

137 4364 240 4417 tamen
263 4360 432 4431 καταντλας
453 4350 536 4423 iliius
559 4363 607 4416 est
631 4352 759 4429 odiosa,
789 4373 882 4437 quiam
905 4373 1006 4436 paene
1028 4351 1196 4435 praeterii:
1228 4352 1254 4416 si
1276 4352 1338 4416 sihi
1360 4352 1461 4419 corsi-

137 4444 188 4509 liis
211 4446 328 4510 nostris
349 4448 396 4511 uti
418 4467 483 4510 non
504 4445 634 4523 liceret,
660 4468 811 4521 sisinnum,
836 4467 971 4529 quorum
987 4458 1113 4528 posset,
1139 4449 1178 4509 ad
1199 4447 1371 4537 omniaque
1394 4468 1459 4515 esse

136 4541 401 4617 descensuroos.'’
446 4544 484 4604 ad
506 4543 575 4607 Au.
598 4543 660 4608 IX.
684 4541 743 4618 18,
766 4542 799 4606 3.

220 4634 322 4700 Κατὰ
352 4635 480 4714 tentia,
506 4635 694 4711 subtiliter,
728 4635 938 4702 minutatim.
991 4682 1005 4708 .,
1016 4635 1067 4699 Ne
1094 4633 1180 4717 sorte
1211 4657 1348 4723 quaeras
1377 4640 1457 4707 κατὰ

138 4727 252 4795 λεκτὸν
273 4730 312 4797 (Ie
334 4728 465 4814 siugulis
487 4732 625 4803 rebus.'’
671 4731 710 4793 ad
732 4733 802 4799 Au.
827 4730 874 4800 11.
900 4730 957 4805 18,
982 4729 1014 4792 2.

219 4822 459 4906 Καιάλητιτον,
494 4825 806 4914 comprehensibile.
859 4823 973 4906 „Visis
1000 4845 1064 4891 non
1092 4825 1239 4903 omnibus
1267 4827 1455 4919 adiungehst
