3202 5318
615 290 766 412 tunuli
787 347 968 414 LEGUM.
1396 350 1457 414 173
1547 358 1550 365 “

132 489 196 556 τοῦ
221 485 440 573 Δομιτίου.
473 484 540 551 Dio
569 484 701 551 Caseiiu
730 486 915 551 XXXVII.
947 485 1016 566 37.]
1059 488 1197 552 EPhil.
1220 488 1269 554 ll.
1291 489 1324 553 2.
1343 501 1458 555 notem
1498 474 1502 491 ¹

130 593 240 666 patet,
265 582 328 645 hoe
351 591 630 662 tenperunenttuu
654 579 827 643 adhibitum
850 602 937 656 esse,
969 592 1002 644 ut
1028 583 1092 647 duo
1113 603 1131 646 e
1150 583 1291 668 collegio
1317 584 1458 649 ooinine·

132 688 226 750 rent,
259 668 397 757 populus
419 695 459 738 ex
481 674 547 750 hie,
571 675 626 760 qui
648 674 799 736 nominati
822 686 943 751 essent,
973 675 1108 758 legeret.
1153 676 1232 741 Eun
1258 677 1460 743 eonliruiavit

134 768 179 836 C.
204 769 304 833 lulius
327 767 468 844 Caesar,
499 771 601 833 donee
622 768 675 831 M.
702 770 861 833 Antonius
883 771 955 851 tege
979 771 1040 832 lata
1065 769 1208 854 collegiis
1230 772 1277 833 ius
1297 792 1386 834 eiiiun
1409 794 1461 836 re·

131 863 250 927 etituit.
294 863 341 926 V.
366 864 504 926 Guther.
529 866 566 925 de
589 863 656 925 lur.
681 864 780 927 Pont.
803 863 833 929 I.
855 863 887 928 8.
921 864 968 929 P.
998 864 1163 929 Manutius
1190 866 1229 930 do
1257 866 1399 950 Legibus
1428 878 1459 931 et

133 958 176 1023 tel
198 955 307 1041 Epiu.
330 957 371 1021 ael
391 956 486 1022 Brut.
511 956 542 1021 5.
578 956 663 1021 Enu.
747 980 754 992 ·

570 1143 696 1208 Duiuu
719 1144 760 1208 de
778 1146 1036 1228 prouocatione.

221 1270 300 1343 .M.
325 1265 482 1340 Duilius,
505 1266 650 1328 tribunus
672 1265 774 1348 plebis
797 1271 841 1345 (a.
858 1290 890 1330 u.
907 1291 937 1331 e.
955 1269 1060 1347 tou),
1085 1270 1208 1350 plebem
1223 1270 1369 1357 rogarit,
1394 1272 1462 1355 ple·

135 1363 257 1446 lieoqm
272 1360 386 1435 seivit,
410 1358 469 1445 qui
487 1360 618 1441 plebem
640 1360 713 1424 eine
734 1361 882 1425 triburie
903 1361 1112 1446 reliquisset,
1137 1364 1261 1449 quique
1275 1365 1461 1450 magistro·

135 1467 211 1527 trem
231 1457 308 1521 eine
326 1459 569 1541 prouocatione
591 1466 757 1527 creasset,
789 1467 890 1540 tergo
915 1477 957 1519 nc
984 1458 1096 1542 eapite
1120 1460 1337 1542 puniretur.”
1380 1458 1459 1525 Lie.

136 1548 206 1615 ΙΙΙ.
228 1551 283 1615 55.
329 1548 430 1616 Conl.
454 1553 633 1615 venenu:
656 1561 686 1612 et
709 1548 903 1616 Ηοιιιτιιιι.

423 1737 552 1804 Duum
575 1749 606 1802 et
628 1736 774 1803 Minuit
796 1738 838 1803 de
860 1737 1018 1804 unciario
1026 1741 1177 1833 fenore.

223 1861 345 1944 „Horret
367 1882 467 1947 aeque
495 1864 548 1941 (ae
573 1859 718 1924 Poetelia
743 1862 781 1922 de
804 1861 936 1939 ambitu)
965 1862 1053 1925 laeta·
1075 1865 1235 1946 patribus,
1270 1863 1310 1931 C.
1333 1865 1462 1930 Maroio

135 1954 201 2025 cn.
233 1956 360 2020 Manlio
386 1957 586 2030 consulibus,
621 1957 663 2033 (a.
688 1977 720 2016 u.
743 1977 773 2018 e.
798 1956 885 2034 300.)
907 1956 948 2020 de
970 1957 1128 2020 unciario
1137 1955 1275 2049 fenore
1296 1960 1343 2037 th.
1372 1981 1399 2025 e.
1423 1982 1462 2023 ne

135 2051 206 2135 quie
228 2049 261 2113 iu
283 2063 408 2113 eenttuu
431 2071 515 2113 asses
540 2051 610 2132 pitu
635 2048 786 2111 menstrui
808 2049 930 2113 lenonis
954 2052 1099 2134 exigeret
1115 2073 1206 2135 quain
1231 2052 1372 2128 nunciam,
1394 2053 1462 2117 eive

136 2166 233 2209 onitin
257 2166 358 2208 essem
381 2166 443 2226 pro
465 2143 606 2208 centenis
629 2144 658 2205 in
683 2147 812 2219 annunt)
834 2165 849 2204 a
875 2146 929 2209 M.
954 2145 1074 2208 Duilio
1096 2149 1138 2209 L.
1163 2145 1308 2210 Maeuio
1330 2146 1462 2210 tribuoio

136 2237 241 2324 plebis
271 2239 400 2320 rogatio
428 2250 476 2302 est
502 2236 662 2320 perlata.”
699 2237 776 2327 Liv.
801 2238 884 2301 Vll.
911 2239 962 2301 10.
985 2273 1026 2285 -
1064 2239 1162 2320 „Etsi
1187 2239 1327 2303 unciario
1349 2240 1463 2305 tenore

137 2332 223 2397 laeto
253 2333 356 2397 levata
388 2354 479 2395 uuna
508 2344 592 2406 erat,
626 2342 713 2394 sorte
737 2331 801 2414 ipsa
826 2333 1047 2396 obruebantur
1070 2334 1181 2417 inopes
1203 2354 1382 2417 nexumque
1405 2333 1463 2397 ini·

136 2429 251 2492 beut.”
295 2429 373 2492 Liv.
399 2427 479 2492 Vll.
504 2428 554 2493 19.

596 2613 780 2678 Duouncuu
804 2614 1014 2677 'l'ueunnuuiu

136 2748 227 2833 legen
245 2768 263 2810 a
284 2744 471 2809 deeeuiviris
495 2743 656 2807 enneulnri
678 2756 836 2827 potestate
858 2767 897 2808 ex
920 2745 993 2831 lege
1017 2746 1181 2811 Terentia
1202 2747 1244 2827 [e.
1263 2745 1462 2830 Terentilia]

137 2842 220 2906 letae
250 2853 324 2905 ιιιιί
352 2861 382 2902 a.
405 2861 438 2902 u.
463 2839 536 2902 303.
558 2850 591 2902 et
612 2839 693 2901 aot:
729 2843 768 2903 de
797 2861 857 2924 qua
888 2860 924 2903 re
957 2861 1019 2902 unu
1053 2852 1101 2904 eet
1129 2852 1162 2903 ut
1189 2843 1283 2905 nutu
1309 2842 1461 2906 ‹lira-nuo.

137 2933 565 3016 vid.1.iv.111.3tneq.
598 2933 655 3015 [Α.
680 2934 764 2996 Gell.
789 2935 870 2998 XX.
896 2939 926 2998 1.
950 2935 1050 2999 XVl.
1077 2939 1127 2997 10.
1157 2934 1215 3018 11.]
1251 2935 1462 3017 Ροιιιροιιίιιιιι

138 3033 178 3094 ele
208 3029 252 3095 0.
279 3028 310 3091 l.
340 3041 371 3090 et
396 3031 433 3089 ad
457 3030 538 3089 hunc
559 3026 723 3092 Cniaeium
748 3031 803 3107 (ad
824 3033 940 3091 calcem
965 3030 1186 3108 observatu),
1221 3042 1253 3093 et
1281 3031 1464 3110 Byuoliers·

138 3124 289 3188 boeltiuni
309 3122 338 3184 in
362 3121 551 3202 opusculis:
576 3134 608 3183 ut
624 3133 749 3183 ceteros
771 3123 947 3198 mittemus,
972 3122 1025 3206 qui
1044 3123 1121 3185 iuris
1144 3125 1278 3187 Rotnani
1301 3125 1463 3188 historiam

137 3218 311 3300 arripuere.
359 3217 503 3298 lpsanuin
528 3215 723 3278 'l'abiilauun
749 3216 928 3299 fragmenta
952 3239 968 3279 e
993 3218 1079 3279 libris
1104 3217 1373 3289 veteribuenuilti
1393 3218 1464 3285 eol·

139 3311 267 3394 legere,
292 3330 373 3392 quos
395 3330 503 3372 ornnes
528 3309 600 3371 vicit
622 3310 688 3371 lae.
713 3310 934 3372 Gotholredus
955 3310 984 3372 in
1005 3311 1275 3392 praestantissimo
1298 3311 1406 3375 libello
1426 3313 1464 3374 (le

138 3416 294 3488 quattuor
309 3402 450 3467 lontibus
471 3402 558 3466 iuris.
604 3402 770 3485 [ttanbotu
787 3403 941 3467 luetitutt.
965 3405 1025 3468 iur.
1041 3406 1135 3469 Rutu.
1157 3405 1231 3467 hist.
1256 3407 1465 3489 doginatiear.
1552 3414 1556 3419 '

140 3501 183 3565 Τ.
207 3498 254 3562 ll.
273 3499 327 3561 od.
352 3498 450 3570 Otto,
478 3497 568 3580 Lips.
595 3498 688 3560 1320.
733 3499 856 3570 Leeiun
877 3499 1053 3562 Duodecim
1076 3499 1270 3562 'l'ebularum
1292 3498 1463 3562 sententiae

140 3613 224 3675 qnae
247 3603 429 3673 supersunt.
450 3590 509 3672 11.]
555 3592 622 3653 llas
646 3592 767 3653 tabulas
790 3592 910 3655 tonum
935 3594 1034 3655 oninie
1060 3614 1129 3655 cum
1159 3592 1277 3674 puMiei
1304 3606 1368 3655 uun
1398 3593 1465 3673 pri·

142 3686 208 3749 vati
228 3685 307 3749 iuris
333 3685 471 3748 Romani
494 3698 581 3748 reete
605 3687 764 3766 appelles,
789 3685 891 3768 iisque
912 3685 1035 3770 insigne
1051 3687 1183 3768 pretium
1210 3685 1327 3751 Cicero
1345 3685 1466 3749 statuit.

140 3780 277 3863 [Earum
299 3778 488 3842 mentionem
510 3778 586 3840 feeit
610 3780 733 3842 'l'ullius
756 3781 794 3842 de
816 3780 925 3863 Legg.
951 3781 978 3843 l.
1001 3781 1061 3855 21,
1083 3783 1136 3844 55.
1160 3780 1209 3845 ΙΙ.
1234 3780 1291 3854 23,
1316 3779 1463 3842 58-02.

141 3874 193 3938 ll.
221 3875 281 3948 25,
314 3876 363 3938 01.
392 3874 457 3937 lll.
485 3874 542 3948 19,
575 3874 627 3936 11.
656 3876 693 3936 de
724 3875 808 3955 [lep.
841 3872 907 3936 lV.
932 3875 988 3945 10,
1015 3876 1066 3937 12.
1096 3878 1133 3937 ‹le
1157 3874 1302 3939 ottinl.
1328 3873 1385 3946 12,
1410 3873 1463 3936 37.

142 3967 211 4034 lll.
234 3970 292 4043 15,
317 3969 372 4031 01.
395 3967 462 4031 lll.
487 3968 548 4041 31,
574 3970 646 4030 111.
671 3969 805 4031 ΤιιιοιιΙ.
830 3968 893 4030 lV.
918 3968 955 4043 2,
980 3970 1012 4030 1.
1043 3989 1105 4051 pro
1128 3970 1236 4032 'fullio
1259 3969 1311 4030 u.
1335 3969 1387 4030 50.
1411 3968 1465 4030 51.

140 4083 207 4146 pro
230 4061 337 4126 Sestio
360 4062 419 4136 30,
445 4063 497 4124 05.
536 4082 597 4143 pro
621 4060 745 4124 Milone
773 4062 807 4135 3,
841 4066 872 4125 u.
896 4065 933 4136 1,
960 4062 1025 4143 11.]
1070 4063 1153 4137 Eas,
1188 4062 1214 4124 ei
1244 4061 1321 4145 quid
1354 4082 1392 4125 ex
1426 4060 1465 4124 iio

140 4156 267 4219 deliniri
293 4178 355 4219 nnn
383 4177 477 4238 posse
509 4156 692 4229 videbatur,
728 4157 878 4238 eiipplere
909 4167 1058 4238 poterant
1086 4165 1252 4236 praetores
1285 4154 1412 4230 edirtie,
1447 4174 1466 4217 e

142 4250 260 4333 quillus
286 4249 335 4312 ius
361 4251 565 4314 honorarium
589 4261 693 4311 ortuui
717 4261 778 4323 est,
805 4251 850 4311 uti
873 4250 1050 4332 appellatur
1075 4272 1107 4310 v.
1131 4269 1161 4311 e.
1186 4248 1215 4310 in
1239 4247 1390 4311 luetitutt.
1412 4248 1466 4310 lu·

141 4344 217 4406 etio.
248 4345 305 4406 lib.
338 4345 385 4407 Il.
413 4347 445 4406 1.
477 4345 528 4406 10.
574 4342 796 4422 Suppleuienta
820 4342 925 4404 ferere
954 4342 1049 4406 etiem
1073 4343 1192 4405 tribuni
1222 4339 1323 4422 plebis
1350 4341 1465 4426 aliique

143 4438 349 4521 magistratus
378 4438 500 4520 legibus
528 4438 565 4497 de
590 4437 656 4496 iure
681 4434 767 4497 eivili
800 4435 959 4498 ferendis:
994 4436 1170 4499 cniinnodi
1202 4446 1273 4497 seint
1303 4435 1464 4510 Voeouie,

143 4533 259 4606 Furia,
285 4531 440 4604 Falcidia,
466 4531 605 4613 Aquilliu
630 4541 661 4591 et
683 4549 811 4605 ouines,
835 4551 915 4614 quoe
937 4529 1014 4592 iuris
1033 4529 1148 4610 priuati
1169 4539 1254 4592 sunt.
1278 4529 1362 4592 Enu.
1386 4530 1463 4594 viu.

142 4626 175 4688 in
198 4626 309 4708 priinio
332 4624 489 4689 Dirkoen:
516 4623 703 4688 Uebersieht
731 4625 787 4684 der
808 4622 990 4704 bislierigen
1013 4625 1179 4685 Versuehe
1198 4644 1257 4685 zur
1276 4622 1383 4688 ttrint
1402 4627 1466 4687 und

145 4719 356 4801 Heretellung
387 4721 442 4780 dee
472 4720 593 4780 't'extee
618 4721 674 4780 der
700 4715 809 4779 zwlitl
834 4717 1162 4801 'salet-Fragmenta
1223 4718 1339 4801 Leipz.
1369 4720 1464 4782 1821.

144 4815 272 4898 Legum
295 4814 378 4878 xit.
403 4814 597 4875 'fabularum
621 4814 796 4898 fragmenta
814 4831 884 4875 cum
908 4831 975 4875 var.
999 4813 1086 4875 leett.
1113 4811 1254 4892 delectu,
1278 4811 1466 4897 peroptimi
