3202 5318
181 256 247 377 css'
664 260 1020 375 nunuxnecuu.

181 420 382 524 innocentes,
417 449 476 513 alia
503 448 721 515 lauimcemodi
747 449 817 514 lieni
841 469 996 532 coepere.
1031 462 1096 513 tum
1125 449 1177 512 lex
1203 449 1329 515 Porcio
1361 448 1507 553 aliaeque

183 557 331 627 paratae,
364 543 479 628 qiiibus
502 544 628 628 legibus
650 544 792 607 exsilium
819 544 971 606 damnatis
995 542 1217 626 permissum.”
1262 544 1379 607 Salust.
1403 543 1507 609 Catil.

181 640 242 716 31,
267 640 319 701 40.
354 669 393 684 -·
425 642 504 718 „An
533 640 573 700 de
601 636 704 700 servis
731 635 839 700 alienis
862 647 974 700 contra
1003 638 1104 721 legem
1133 637 1264 701 Fabiam
1294 638 1427 703 retentis
1453 650 1508 702 aut

52 786 54 790 Α
181 735 219 797 de
239 731 364 815 ¹civibus
386 729 540 795 Romanis
562 743 673 795 contra
693 731 793 816 legem
814 731 974 796 Porciam
994 729 1172 794 verberatis
1196 742 1250 796 aut
1271 735 1390 796 necatis
1411 732 1507 815 plura

181 825 310 901 dicenda
337 834 427 900 sunt,
463 846 534 888 cum
557 834 648 889 tanto
671 825 777 888 studio
802 822 844 889 C.
871 825 1022 888 Rabirius
1046 824 1145 888 totius
1167 824 1317 907 Apuliae,
1349 824 1508 911 singulari

180 919 345 985 voluntate
362 916 545 1001 Campanae
560 916 727 982 vicinitatis
743 917 926 982 ornetur?'’
948 939 1010 1000 pro
1032 918 1146 982 Rabir.
1170 919 1208 994 3,
1232 920 1265 983 8.
1288 951 1330 964 -·
1352 919 1508 1000 „Porcia

180 1014 233 1077 lex
256 1013 365 1098 virgas
390 1016 430 1076 ab
452 1011 590 1077 omnium
617 1012 732 1075 civium
754 1013 974 1077 Romanorum
999 1034 1139 1095 corpore
1161 1013 1300 1077 amovit:
1335 1012 1388 1075 bic
1411 1012 1505 1077 mise·

179 1105 284 1171 ricors
313 1106 438 1192 flagella
467 1106 601 1170 rettulit.
647 1106 771 1170 Porcio
800 1107 854 1169 lex
883 1106 1059 1169 libertatem
1092 1104 1207 1169 civium
1234 1106 1341 1170 lictori
1367 1106 1503 1189 eripuit:

179 1200 362 1275 Labienus,
392 1202 492 1265 bomo
520 1198 703 1283 popularis,
739 1198 881 1262 carnifici
903 1199 1063 1264 tradidit.”
1096 1221 1158 1282 pro
1182 1202 1296 1265 Rabir.
1321 1201 1439 1277 isle.
1463 1234 1505 1247 -

181 1294 261 1379 „Tu
283 1294 357 1358 mibi
380 1293 473 1357 etiam
497 1294 577 1379 legis
599 1293 758 1370 Porciae,
781 1305 815 1356 tu
843 1293 884 1359 C.
909 1293 1066 1370 Gracchi,
1091 1305 1124 1357 tu
1143 1295 1258 1358 hornam
1274 1295 1446 1371 libertatis,
1471 1306 1506 1357 tu

179 1386 364 1473 cuiusquam
385 1386 521 1471 denique
544 1388 679 1451 hominis
701 1387 866 1470 popularis
892 1388 1081 1452 mentionem
1111 1387 1207 1463 lacis,
1239 1389 1381 1473 quinon
1406 1387 1506 1453 modo

179 1481 342 1566 suppliciis
369 1482 542 1558 inusitatis,
576 1485 633 1545 sed
661 1482 754 1545 etiam
784 1485 956 1546 verborum
984 1482 1121 1544 inaudita
1144 1482 1347 1558 crsidelitate,
1382 1483 1507 1548 violare

178 1578 354 1641 libertatem
378 1575 471 1641 buius
493 1576 621 1658 populi,
647 1588 768 1639 tentare
794 1577 1076 1654 mansuetudinem,
1100 1589 1293 1640 commutare
1310 1574 1507 1659 disciplinam

180 1680 312 1734 conatus
335 1668 419 1734 es?”
450 1691 511 1752 pro
535 1670 649 1735 Rabir.
675 1672 710 1747 4,
737 1670 788 1734 13.
812 1703 852 1714 -
875 1672 927 1751 „0
950 1693 1064 1735 nomen
1089 1670 1181 1735 dulce
1204 1671 1377 1735 libertatis!
1415 1673 1507 1736 nius

139 1775 145 1787 '
179 1763 328 1827 eximium
351 1776 481 1827 nostrae
505 1764 661 1829 civitatis!
693 1786 713 1830 o
739 1767 792 1828 lex
813 1765 938 1831 Porcia
959 1766 1110 1850 legesque
1133 1764 1357 1846 Semproniae!
1385 1784 1409 1849 o
1433 1785 1508 1848 gra-

183 1855 265 1923 viter
288 1855 463 1921 desiderata
487 1872 517 1922 et
540 1859 711 1945 aliquando
733 1859 855 1923 reddita
878 1858 962 1942 plebi
978 1861 1142 1924 Romanae
1157 1858 1325 1922 tribunicia
1342 1862 1505 1940 potestas!

179 1949 305 2016 Hucine
328 1952 452 2015 tandem
475 1952 578 2016 omnin
601 1954 799 2030 reciderunt,
825 1962 860 2015 ut
880 1952 957 2016 civis
981 1954 1144 2016 Romanus
1166 1953 1196 2016 iu
1212 1952 1376 2036 provincia
1393 1951 1506 2034 populi

181 2045 334 2120 Romani,
359 2047 390 2108 in
412 2046 533 2130 oppido
555 2047 813 2124 foederatorum,
838 2050 877 2109 ab
900 2068 953 2121 en,
979 2045 1033 2130 qui
1058 2046 1213 2110 beneficio
1236 2045 1347 2128 populi
1367 2046 1505 2129 Rpmani

182 2139 286 2215 fasces
309 2150 340 2203 et
363 2159 491 2203 secures
514 2143 662 2215 haberet,
686 2141 844 2226 deligatus
866 2141 898 2203 in
918 2142 993 2205 loro
1019 2142 1116 2226 virgis
1140 2139 1376 2207 caederetur?”
1400 2141 1502 2203 Vere.

181 2234 227 2296 V.
252 2233 311 2308 63,
337 2235 409 2297 lut.
445 2235 533 2297 conl.
559 2235 683 2298 Gellius
706 2237 751 2299 X.
775 2235 812 2309 3,
838 2236 888 2298 13.
911 2267 952 2277 -
981 2237 1110 2318 ,Atque
1133 2236 1157 2297 is
1180 2257 1249 2298 cum
1273 2234 1428 2298 eiusmodi
1450 2235 1504 2306 sit,

179 2336 283 2390 tannen
305 2331 400 2392 audet
421 2329 547 2391 dicere:
580 2331 612 2394 0
621 2326 856 2420 fortunatam
878 2341 996 2392 notam
1018 2351 1069 2391 mc
1091 2331 1229 2392 consule
1251 2330 1418 2392 Romam!
1455 2329 1506 2389 'l'e

180 2423 311 2487 consule
332 2423 545 2497 tornnnaun,
576 2421 724 2489 Cicero?
754 2424 848 2487 nunno
878 2445 956 2487 vero
982 2422 1138 2486 iulelicem
1165 2434 1197 2486 et
1227 2421 1389 2497 miseram,
1425 2442 1507 2504 qliae

180 2515 720 2599 crudelissimamproscriptionem
748 2517 863 2580 ciuium
892 2538 1042 2600 perpessa
1071 2528 1134 2591 est,
1167 2539 1235 2578 cum
1261 2528 1293 2578 tu
1321 2519 1506 2597 perturbata

178 2630 215 2672 re
237 2610 363 2692 publica
384 2620 468 2674 metu
483 2612 654 2694 perculsos
670 2632 779 2676 onines
798 2614 902 2675 bonos
923 2628 1036 2694 parere
1053 2609 1231 2673 craadelitati
1243 2621 1324 2673 ‚tuae
1346 2613 1506 2693 cogebas3

178 2723 249 2766 cum
273 2703 377 2768 omnia
404 2705 536 2779 iudicia,
562 2726 671 2769 omues
694 2707 781 2789 leges
804 2705 834 2767 in
855 2718 906 2767 tua
934 2705 1059 2767 libidine
1082 2717 1189 2776 erant;
1214 2725 1282 2765 cum
1307 2716 1356 2776 tu,
1381 2705 1507 2765 sublata

179 2796 251 2879 lege
274 2798 415 2873 Porcia,
440 2811 548 2880 erepta
566 2801 728 2872 libertate,
755 2812 898 2862 nostrum
923 2801 1060 2863 ninnium
1082 2799 1165 2861 vitae
1189 2797 1338 2881 necisque
1360 2809 1506 2880 potesta-

178 2901 241 2952 tem
264 2893 303 2953 ad
326 2902 356 2954 te
380 2915 472 2955 umuu
497 2893 745 2958 revocarerns.”
790 2894 1032 2956 Pseudosalust.
1055 2893 1085 2955 in
1111 2892 1183 2957 Cic.
1210 2897 1246 2966 l,
1273 2894 1303 2956 5.

261 2986 318 3050 Μ.
342 2987 457 3050 Porcii
478 2989 619 3052 Catonis
643 2986 795 3052 Censorii
821 2989 900 3050 lianc
925 2988 1026 3072 legem
1052 3010 1120 3051 esse
1140 2986 1297 3049 existimat
1321 2987 1361 3049 P.
1386 2987 1506 3049 Manu·

178 3076 252 3141 tius.
298 3080 360 3143 Sed
377 3080 402 3141 si
425 3080 502 3144 baec
520 3083 570 3145 lex
594 3094 640 3143 est
663 3084 789 3155 eadem,
814 3103 894 3162 quae
910 3082 952 3143 de
969 3081 1212 3164 prouocatione
1231 3082 1393 3154 insudatur,
1420 3084 1509 3163 quod

178 3170 252 3234 mibi
275 3172 311 3234 lit
335 3173 522 3250 verisimile,
548 3178 676 3258 qaiando
693 3188 860 3258 utrumque
876 3178 913 3236 ad
931 3175 1106 3238 libertatem
1128 3175 1242 3238 civium
1260 3174 1417 3256 pertinet,
1443 3195 1507 3238 non

179 3263 312 3331 Catonis
330 3279 377 3329 est
400 3288 434 3330 ea
452 3267 521 3343 lex,
542 3271 597 3331 sed
614 3271 653 3334 P.
671 3269 784 3332 Porcii
801 3274 930 3332 Loecoe
948 3270 1064 3331 tribuni
1082 3268 1181 3354 plebis
1203 3290 1232 3331 a.
1252 3290 1280 3332 u.
1299 3268 1395 3331 aad:
1420 3270 1508 3350 qiiod

177 3358 282 3442 placet
295 3360 385 3423 etiam
396 3361 512 3441 Pighio
526 3364 565 3423 ad
579 3365 661 3423 hunc
677 3384 789 3424 anuum
806 3366 903 3441 (Anu.
920 3364 1017 3426 Rom.
1032 3367 1074 3426 Τ.
1093 3363 1139 3426 ll.
1157 3386 1190 3445 p.
1206 3363 1267 3425 255
1279 3364 1356 3444 sap),
1370 3359 1507 3441 Sigonio

179 3466 211 3517 et
226 3456 304 3519 snt.
320 3454 515 3539 Augustino.
539 3459 590 3519 An
604 3458 679 3518 lance
695 3456 746 3517 lex
760 3456 1006 3538 insperatombus
1021 3457 1069 3520 ius
1086 3457 1116 3519 in
1131 3456 1233 3537 capita
1251 3456 1366 3518 civium
1383 3456 1508 3517 ademe-

177 3544 265 3619 ritin
282 3547 381 3624 bello,
398 3549 508 3633 qaiaeri
526 3561 643 3630 potest.
682 3551 745 3611 Sed
758 3563 844 3614 recte
864 3563 979 3635 negant
993 3550 1144 3633 Sigonius
1161 3562 1192 3612 et
1206 3550 1352 3612 Dulserus
1366 3550 1404 3608 ad
1423 3545 1506 3610 Livii

177 3640 266 3727 Epis.
282 3642 335 3706 57.
354 3642 438 3707 Eun.
461 3640 548 3719 (Cir.
566 3656 669 3705 tamen
684 3645 748 3707 Sal.
763 3645 837 3729 lug.
853 3645 909 3719 69,
925 3647 956 3706 4.
976 3645 1053 3720 On.)
1079 3644 1225 3727 Pighium
1240 3658 1272 3704 ut
1285 3663 1351 3703 eam
1365 3643 1403 3706 P.
1419 3645 1506 3704 Loc-

177 3762 236 3803 cos
258 3737 454 3801 adscriberet
475 3737 604 3800 adduxit
628 3739 774 3801 denarius
795 3751 963 3822 argenteus
983 3737 1217 3820 antiquissimus
1239 3739 1340 3814 (cons.
1366 3738 1504 3802 Eclhel.

178 3856 261 3900 num.
286 3846 350 3896 vet.
374 3846 398 3896 t.
424 3835 469 3895 V.
494 3855 525 3913 p.
553 3833 659 3909 286.),
684 3833 714 3894 iu
738 3854 803 3915 quo
827 3846 959 3914 apparet
983 3845 1109 3913 togatus
1131 3833 1178 3893 rei
1202 3830 1329 3905 babitu,
1363 3833 1506 3893 manibus

178 3931 238 3992 asab
260 3939 337 4013 toga
354 3926 506 4009 supplicis
527 3927 559 3989 in
583 3929 708 3990 trundum
732 3925 864 4002 iunctis,
889 3940 974 3989 stans
1001 3940 1071 3989 ante
1096 3926 1328 4003 asiagistratum,
1354 3924 1409 4007 qui
1430 3927 1507 3986 dex-

177 4035 257 4085 tram
287 4043 384 4104 supra
414 4033 507 4104 caput
536 4020 582 4082 rei
611 4020 764 4083 extendit.
811 4021 945 4083 Acccdit
972 4042 1041 4082 rum
1072 4019 1169 4097 virgis
1192 4018 1287 4081 lictor
1317 4039 1506 4103 uinaquaque

179 4136 270 4179 manu
293 4110 384 4179 nariam
408 4127 530 4179 tenens.
576 4114 673 4178 Hisce
695 4115 907 4195 subscriptum
931 4111 1173 4179 PROVOCO.
1219 4115 1271 4176 Ab
1290 4113 1389 4175 altera
1413 4120 1505 4192 parte

179 4209 300 4273 denarii
330 4210 454 4273 Romae
484 4210 575 4293 galea
604 4220 720 4271 tectum
750 4220 846 4291 caput
872 4230 1058 4289 expressum
1087 4220 1134 4270 est
1162 4229 1231 4269 cum
1257 4205 1370 4269 litteris
1398 4204 1505 4266 hisces

178 4304 220 4368 Ρ.
243 4301 418 4368 Lultcu.
464 4304 633 4383 Zumplius
656 4315 758 4366 autem
786 4307 840 4384 (ad
862 4301 1051 4367 Ciceronem
1075 4302 1104 4364 iu
1129 4305 1229 4367 Vere.
1251 4301 1272 4363 l.
1298 4301 1350 4377 l.),
1377 4296 1451 4382 qisia
1475 4298 1506 4360 in

178 4395 251 4483 lege
272 4396 392 4462 Porcia
417 4397 492 4461 nihil
516 4401 554 4461 de
578 4397 810 4479 provocatione
835 4396 978 4459 videatur
1001 4396 1116 4469 lusisse,
1140 4397 1243 4479 legem
1268 4393 1416 4458 Porciam
1442 4414 1506 4456 non

178 4501 269 4572 putet
297 4493 336 4553 ad
363 4491 406 4555 P.
437 4491 591 4556 Porcium
617 4493 754 4554 Laecam
785 4491 945 4553 tribunum
978 4489 1077 4570 plebis
1107 4489 1198 4568 (coll.
1224 4487 1344 4551 Baebio
1374 4486 1405 4547 in
1428 4485 1505 4548 bist.

178 4582 315 4662 lurispr.
340 4584 436 4649 Rom.
459 4586 515 4649 lib.
541 4587 586 4650 ll.
609 4605 680 4668 cap.
706 4586 737 4648 2.
762 4591 791 4661 §.
815 4585 882 4662 35.)
903 4582 1081 4667 pertinere,
1106 4584 1164 4646 sed
1179 4585 1217 4644 ad
1236 4582 1395 4646 celebrem
1416 4578 1505 4643 illum

178 4676 234 4742 Μ.
255 4676 407 4740 Porcium
431 4678 606 4755 Catonem,
632 4680 686 4763 qni
708 4699 779 4743 sese
799 4700 866 4761 pro
887 4677 1037 4760 scopulis
1059 4676 1177 4738 dixisse
1200 4678 1281 4757 apud
1299 4675 1429 4738 Festum
1445 4675 1506 4736 sub

178 4792 215 4868 ea
239 4790 320 4833 vnce
343 4770 451 4835 tradit.
496 4774 559 4836 Sed
581 4774 611 4836 in
639 4775 709 4858 lege
736 4772 853 4836 Porcia
882 4772 960 4834 nibil
985 4774 1024 4833 de
1046 4770 1279 4852 provocatione
1304 4766 1506 4831 fuisse‘satis
