3202 5318
549 331 699 454 INPEX
718 332 901 399 Lunum.
1247 332 1252 343 '
1320 336 1384 403 000

59 469 140 557 quie
159 488 313 554 unquam
333 470 446 535 edixit
465 472 534 537 ieto
557 474 684 537 modo?
703 474 782 558 quie
801 494 955 559 nmquam
974 475 1048 539 eine
1070 476 1122 539 rei
1130 474 1309 564 fraudem
1321 489 1384 541 aut

57 565 254 647 mnodum
279 566 463 647 propoeuit
486 567 617 641 edicto,
649 586 738 651 meae
762 588 870 652 neque
895 580 974 651 poet
994 569 1144 633 edietum
1169 592 1278 655 neque
1302 583 1384 636 onte

60 658 211 723 edietum
227 658 406 741 provideri
425 660 566 741 potuit?
593 662 638 739 (c.
662 664 730 742 00.)
772 667 871 737 lure,
901 661 1054 747 legibue,
1082 664 1290 729 auctoritate
1309 686 1385 730 om·

60 752 157 815 nium
182 753 242 837 qui
262 753 541 830 consulebantur,
564 766 806 820 tutamentum
827 758 868 821 0.
892 756 1031 821 Anniae
1039 754 1205 846 jecerat,
1229 778 1297 821 non
1318 758 1384 821 im·

55 848 222 929 prolum,
256 867 326 910 non
347 846 598 935 inofficiosum,
632 870 699 914 non
721 850 959 913 inhumanum.
1003 851 1137 933 Quodei
1156 851 1208 913 ita
1217 848 1381 940 sederet,

58 952 173 1003 tamen
190 952 273 1025 poet
293 941 388 1005 illiue
409 954 555 1006 mortem
572 944 659 1009 nihil
679 944 721 1008 de
744 954 948 1007 testamento
968 943 1063 1007 illiue
1088 944 1167 1008 novi
1191 943 1280 1006 iurie
1302 964 1383 1007 eon-

56 1034 158 1099 etitni
177 1046 365 1119 oporteret.
411 1036 567 1101 Voconia
586 1040 646 1101 lere
661 1050 694 1102 te
709 1038 860 1101 videlieet
881 1036 1094 1101 delectabat?
1115 1036 1277 1104 imitatur
1290 1057 1383 1103 eeeee

56 1126 173 1211 iprum
193 1128 293 1193 illum
312 1132 356 1211 Q.
382 1133 417 1196 V
420 1130 616 1195 neonium
622 1176 632 1209 ‚
655 1132 716 1217 qui
734 1135 808 1215 lege
830 1152 897 1193 eun
912 1130 1137 1194 hereditatem
1155 1131 1284 1194 ademit
1297 1130 1385 1193 nulli

57 1242 166 1307 neque
190 1222 321 1307 virgini
341 1245 448 1308 neque
471 1226 627 1289 mulieri:
657 1225 779 1289 canerit
799 1224 835 1286 in
855 1237 1054 1307 porterum,
1086 1225 1156 1310 qui
1179 1236 1282 1307 poet
1309 1234 1384 1289 σοι

58 1336 255 1379 eeneoree
283 1338 439 1381 eeneue
467 1330 603 1395 eeeet,
641 1341 688 1382 ne
716 1318 812 1403 quie
838 1320 1032 1381 heredem
1052 1318 1265 1403 virginem
1285 1338 1384 1382 nene

61 1409 286 1473 mulierem
296 1408 492 1501 faceret.
526 1416 572 1489 (ᾧ.
596 1412 686 1487 108.)
721 1416 762 1477 In
781 1414 856 1494 lege
883 1410 1064 1476 voconia
1094 1432 1164 1478 non
1191 1426 1244 1479 eet
1259 1410 1384 1505 feeit

47 1498 236 1593 feeerit,
258 1524 366 1588 neque
387 1504 422 1567 in
438 1508 511 1568 ulla
524 1508 753 1589 praeteritum
768 1519 903 1589 tempus
920 1507 1201 1591 reprehenditur,
1222 1508 1292 1573 niti
1307 1510 1384 1573 m'ue

62 1595 133 1672 rei,
156 1618 243 1681 quae
256 1618 323 1661 ena
339 1610 459 1681 eponte
474 1602 641 1663 scelerata
662 1612 695 1664 et
716 1596 861 1691 nefario
881 1612 950 1676 eet,
974 1612 1031 1676 ut,
1055 1600 1161 1665 etiam
1180 1602 1213 1665 ri
1236 1604 1297 1665 lea·
1313 1622 1384 1666 non

61 1700 170 1763 erret,
200 1710 409 1774 magnopere
430 1692 572 1755 vitanda
582 1692 720 1785 suerit.
764 1694 920 1773 (§.109.)
963 1696 1017 1757 De
1039 1696 1116 1757 iure
1136 1716 1221 1759 nero
1240 1693 1331 1759 civili
1351 1696 1385 1757 ei

60 1784 139 1867 quie
157 1786 238 1849 novi
258 1785 342 1869 quid
362 1785 533 1860 instituit,
554 1789 588 1849 ie
612 1787 746 1862 omnia,
770 1808 858 1870 quae
881 1798 961 1850 ante
988 1800 1069 1851 oeta
1086 1800 1194 1871 eun&
1207 1800 1288 1851 rnta
1308 1809 1383 1852 eece

53 1879 206 1961 patitur.
248 1878 340 1944 Cedo
364 1871 449 1941 mihi
469 1882 563 1962 leger
579 1881 725 1956 atiniae,
748 1878 897 1971 fierine,
927 1881 1055 1963 ipram,
1085 1892 1125 1944 ut
1146 1880 1244 1959 dixi,
1267 1903 1383 1945 voco·

57 1972 190 2049 niam,
219 1992 338 2036 omnen
360 1984 545 2055 praeterea
572 1973 613 2036 de
641 1973 717 2037 iare
743 1974 853 2037 civili:
883 1977 948 2039 hoc
974 1976 1127 2050 reperies
1154 1974 1192 2039 in
1223 1974 1383 2039 omnihne

54 2066 167 2129 statui
187 2066 260 2143 ine,
293 2088 362 2152 quo
387 2078 466 2149 poet
491 2088 568 2130 eam
596 2071 706 2152 legem
726 2072 876 2152 populun
896 2080 1029 2133 matur.
1073 2070 1120 2147 (§.
1144 2068 1234 2145 110.)
1275 2070 1328 2133 Ae
1350 2067 1383 2130 ei

55 2162 123 2225 hoc
133 2160 243 2237 iurir,
267 2182 337 2225 non
355 2161 459 2225 unius
472 2182 579 2223 cauea
595 2163 741 2227 hominis
755 2162 944 2237 edinieeee,
968 2163 1106 2227 cautius
1119 2160 1383 2245 comparuieeee.

56 2254 188 2319 Sci-'ibin
215 2258 262 2321 81
287 2258 397 2337 QUIS
415 2258 663 2321 HEREDEM
680 2260 821 2322 FECIT
837 2260 1052 2323 recem.
1096 2254 1214 2338 Quid?
1249 2256 1281 2320 ei
1299 2258 1383 2339 plue

56 2348 205 2432 legarit,
238 2372 342 2435 quarn
368 2352 414 2412 ad
442 2351 600 2412 heredem
632 2352 813 2414 lreredeeoe
841 2353 1035 2434 perveniat,
1064 2351 1158 2436 quod
1183 2372 1249 2435 per
1272 2352 1383 2434 legem

58 2444 239 2507 voconiam
260 2445 308 2519 ei,
338 2445 398 2529 qui
418 2466 540 2507 censue
561 2465 629 2506 non
655 2445 716 2519 eit,
747 2446 850 2509 ticet?
881 2448 952 2511 Gur
981 2448 1065 2522 hoe,
1096 2466 1175 2507 eum
1203 2444 1239 2506 in
1265 2443 1383 2506 eodem

57 2556 186 2617 genere
206 2539 267 2613 eit,
290 2560 359 2602 non
380 2540 504 2602 caree?
527 2537 608 2603 Cum
626 2538 668 2603 C.
689 2540 812 2601 Verres
827 2540 1032 2602 hereditatem
1046 2558 1141 2623 qnam
1161 2536 1265 2601 Annia
1286 2546 1382 2599 tertr-

59 2642 166 2693 mentn
193 2642 360 2715 acceperet
385 2631 414 2694 ei
446 2632 570 2713 eripere
600 2654 731 2715 cereique
762 2635 801 2694 nd
829 2634 999 2695 secundum
1025 2632 1172 2694 heredem
1205 2632 1382 2694 transferre
1441 2690 1447 2703 ,

60 2724 175 2800 vellet,
211 2737 245 2787 ιιι
271 2727 312 2790 ab
336 2748 377 2789 en
405 2725 568 2808 pecuniam
597 2726 760 2810 exigeret,
793 2725 929 2807 primum
957 2726 1061 2791 edicto
1083 2724 1278 2788 efficiendum
1302 2735 1382 2797 eret,

60 2828 95 2879 nt
118 2820 309 2903 exceptione
332 2821 402 2896 illa,
427 2842 488 2905 qne
509 2820 611 2884 lretm
626 2819 751 2883 Annine
774 2819 876 2903 legem
900 2819 1068 2883 voconiam
1096 2822 1136 2881 ed
1159 2840 1194 2881 ec
1219 2839 1284 2881 non
1305 2838 1382 2899 per·

58 2912 160 2977 tinere
177 2926 364 2996 putaverat,
391 2915 436 2977 nti
459 2937 521 2978 non
546 2914 671 2987 liceret,
696 2912 807 2976 deinde
830 2913 901 2998 qnia
925 2924 1142 2976 testamentum
1165 2914 1283 2976 lectum
1299 2924 1378 2988 eret,

58 3017 227 3091 antequam
251 3010 375 3072 Verres
398 3012 485 3093 quod
508 3019 598 3071 antea
621 3008 849 3071 consuetudine
872 3007 952 3070 iuris
975 3008 1119 3070 valuerat
1138 3006 1242 3069 edicto
1266 3005 1378 3082 vetuit,

55 3101 315 3183 praecipiendum
345 3113 429 3177 eret,
463 3115 496 3165 ιιι
522 3103 627 3165 edicto
656 3103 748 3164 etiam
778 3101 799 3163 ii
833 3114 1033 3176 tenerentur,
1070 3101 1122 3184 qni
1150 3112 1222 3162 ente
1245 3098 1380 3163 edictum

56 3196 248 3277 exceptione
276 3197 329 3259 ille
360 3197 406 3260 nsi
430 3209 541 3260 contre
566 3197 669 3279 legem
694 3196 859 3259 voconiem
883 3207 1072 3259 testamento
1096 3195 1250 3277 virginem
1273 3195 1383 3259 mulie·

55 3310 168 3352 rcmve
190 3292 338 3353 heredem
353 3291 515 3354 iecissent.
560 3292 667 3372 lpsnm
684 3291 778 3353 edicti
794 3290 914 3352 initium
932 3292 1048 3352 verbe:
1074 3292 1159 3353 Cum
1174 3289 1379 3373 intelligam,

54 3385 170 3467 legem
190 3386 369 3447 noconiam
397 3420 439 3429 —
470 3384 615 3447 videntur
637 3384 856 3458 constituisse,
889 3385 930 3445 ite
962 3396 995 3445 ιιι
1015 3383 1087 3447 fere
1108 3385 1188 3446 hacc
1209 3404 1382 3466 sequeren-

56 3488 129 3539 tur:
151 3498 277 3559 parurn
299 3479 483 3561 diligenter·
506 3480 697 3554 obeeromi,
721 3479 783 3541 ced
801 3500 824 3540 a
844 3479 960 3540 multis
981 3477 1092 3551 eludi,
1116 3478 1299 3560 cupiditati
1319 3480 1381 3541 ho·

57 3572 192 3633 minum
222 3572 355 3635 obviam
384 3574 435 3635 ire
463 3573 636 3635 constitui.
681 3572 832 3635 Similiter
863 3572 1033 3656 Savignine
1064 3596 1097 3653 p.
1130 3574 1205 3635 000.
1256 3571 1380 3636 Deinde

58 3686 140 3729 vern
168 3669 266 3729 verhe
296 3666 391 3729 edicti
420 3669 505 3749 QUI
530 3670 592 3731 AB
614 3670 661 3730 A.
684 3668 930 3731 POSTUMIO
951 3671 994 3749 Q.
1017 3668 1191 3733 FULVIO
1212 3664 1381 3729 CENSO-

59 3762 200 3824 EIBUS
218 3764 403 3826 POSTVE
424 3764 490 3825 EA
512 3764 652 3825 FECIT
670 3762 873 3825 FECERIT
893 3772 964 3823 ante
985 3760 1168 3841 Zumptiunr
1186 3778 1278 3822 nenio
1294 3767 1380 3819 reete

57 3852 274 3917 intellexerat.
319 3855 489 3939 Savignins
511 3876 545 3936 p.
569 3856 643 3917 000.
666 3866 758 3935 putat
778 3876 903 3917 censum
930 3854 960 3915 in
982 3854 1087 3916 edicto
1110 3852 1226 3916 Verris
1249 3849 1379 3915 omnino

57 3968 123 4011 nan
153 3961 431 4012 commemoratum
459 3971 547 4021 exse,
582 3951 637 4012 scd
660 3948 797 4011 Verrem
821 3947 1041 4021 constituisse,
1077 3969 1115 4011 ne
1139 3946 1209 4030 quie
1237 3956 1313 4027 poet
1336 3944 1380 4006 A.
1439 3995 1457 4017 ,

58 4040 258 4105 Postumium
277 4044 319 4124 Q.
340 4044 488 4106 Fnlvimn
504 4064 653 4107 censores
671 4042 827 4126 virginem
844 4064 924 4105 neec
943 4042 1103 4105 muilierem
1126 4042 1272 4105 heredem
1295 4037 1380 4101 inee-

54 4148 123 4212 ret‚
157 4136 201 4200 ite
229 4148 264 4200 nt
291 4158 443 4202 cenmrne
474 4140 587 4199 horum
619 4137 760 4200 virorum
790 4147 909 4200 tentum
939 4136 1057 4200 mentio
1079 4136 1172 4198 fieret
1194 4135 1234 4197 ad
1254 4144 1379 4213 tempere
1426 4138 1437 4163 '

55 4230 283 4305 definiendum,
318 4253 333 4293 a
365 4254 430 4315 qno
461 4232 597 4294 edietum
628 4232 762 4293 valeret.
806 4232 948 4293 Eandem
972 4230 1158 4294 sententiam
1180 4239 1309 4292 eecntm
1330 4234 1381 4288 eet

52 4326 189 4389 Haecine
211 4348 246 4407 p.
270 4326 330 4389 193
352 4347 409 4410 eq.
452 4329 516 4389 Sed
538 4326 745 4409 neglexerant
768 4328 865 4387 verba
885 4336 1005 4407 postne
1027 4346 1083 4401 ea,
1107 4344 1187 4407 querc
1211 4318 1379 4401 Zumptine

50 4420 131 4483 hene
162 4420 283 4483 retonuit
311 4442 404 4483 ecnsu
432 4442 519 4484 resen
549 4441 635 4495 csse,
671 4418 699 4481 si
727 4420 827 4481 verbe
854 4420 896 4480 ah
926 4421 968 4482 A.
995 4416 1175 4483 Postumio
1196 4417 1239 4498 Q.
1262 4412 1380 4477 ttdcte

50 4516 252 4578 ceneorihue
280 4512 360 4576 idem
393 4514 573 4599 significare
602 4524 694 4595 pntcs
725 4514 812 4596 qttod
840 4512 951 4575 deinde
973 4511 1050 4573 dicit
1073 4509 1192 4575 Cicero
1212 4520 1292 4593 poet
1319 4528 1378 4571 σοι

52 4630 226 4673 reneoree.
271 4611 386 4693 Neque
409 4608 598 4673 censoribus
611 4606 748 4671 Romani
771 4626 906 4691 tunquam
932 4604 979 4667 uei
1002 4617 1075 4667 erint
1098 4609 1137 4668 ed
1158 4615 1281 4685 tempus
1302 4600 1379 4665 sime

52 4703 183 4787 pliciter
203 4703 455 4787 significandum.
500 4702 670 4784 Zermptins
694 4722 772 4766 vero
796 4700 915 4782 optime
938 4699 1103 4782 perspexit
1124 4720 1156 4781 p.
1180 4698 1271 4773 189..
1295 4695 1379 4761 inter

52 4808 172 4881 portee
193 4818 236 4862 ea
257 4808 289 4860 et
299 4794 396 4887 serit
405 4784 543 4887 ferierit
566 4819 582 4859 a
606 4794 765 4861 Cicerone
787 4796 887 4859 verbe
909 4796 1063 4881 qrteedcm
1087 4793 1202 4858 omine
1224 4810 1307 4871 tue,
1334 4790 1378 4856 ita

156 5040 180 5099 Ι
