3202 5318
134 324 196 393 392
532 322 683 389 INDEX
703 320 1054 387 FORMULARUM.

217 463 464 532 Infinitum
454 463 678 546 imperium,
700 447 801 548 (quod
823 462 917 525 nullis
941 459 1037 524 certis
1059 459 1149 524 unius
1170 459 1363 542 provinciae
1387 461 1461 527 lini·

133 559 194 623 lsus
215 558 369 622 inclusum
391 556 466 642 est.)
497 558 599 621 Verr.
622 561 742 623 Aecus.
766 559 803 633 2,
828 558 864 634 3,
889 557 921 620 8.

216 651 465 738 Ingenuitas.
511 640 637 736 Togam
666 663 863 735 praetextam
891 670 993 733 puero
1021 651 1072 712 dat
1095 634 1164 714 mos
1195 661 1227 713 et
1255 649 1320 714 ius
1354 649 1463 738 inge·

38 763 47 781 ·
134 746 319 811 nuitatis.
348 746 448 809 Verr.
474 749 596 811 Aecus.
621 749 660 822 1,
684 745 742 820 58,
768 744 1149 826 152n-Vrde10ga
1172 754 1411 826 praetexta

213 841 261 913 ,In
289 841 365 905 hoc
393 860 496 904 anno
526 861 591 904 non
616 834 699 904 solet
725 838 831 902 addi
823 861 854 901 ιιι
882 837 1051 905 interdicto
1084 837 1119 900 vi
1148 835 1380 903 hominibus
1404 860 1461 901 ar-

5 967 9 975 ·
133 933 263 999 matis.
285 937 325 997 ad
346 935 437 999 Fam.
464 936 521 1011 15,
547 934 604 1010 16,
629 935 661 998 3.

217 1026 262 1093 In
283 1029 485 1113 integrum
508 1027 822 1111 restitutus.'pro
842 1027 996 1101 ⁴Cluentio
1019 1030 1079 1107 36,
1104 1028 1157 1093 98.

217 1120 385 1187 iniuriat
418 1144 482 1206 pro
506 1123 614 1187 Tullio
639 1125 698 1198 12,
723 1124 776 1187 38.
801 1125 858 1197 11,
884 1124 936 1187 13.

216 1216 400 1281 Iniuriae
423 1229 512 1294 sunt,
537 1229 687 1301 quaeant
706 1217 887 1301 pulsatione
909 1240 1026 1301 corpus
1045 1229 1099 1281 aut
1119 1213 1266 1281 convicio
1289 1237 1389 1281 aures
1409 1229 1462 1281 aut

134 1310 238 1397 aliqua
261 1311 455 1394 turpitudine
480 1313 577 1376 vitam
600 1311 776 1395 cuiuspiam
799 1313 929 1378 violant.
961 1317 1001 1392 ad
1022 1315 1104 1376 Her.
1129 1312 1166 1387 4,
1191 1311 1249 1385 25,
1272 1310 1331 1373 35.

217 1405 412 1470 Iniuriae.
457 1406 584 1490 siquis
608 1406 790 1470 Heraclium
814 1408 986 1489 pulsasset,
1011 1406 1107 1470 edixit
1130 1409 1270 1480 Verres,
1303 1404 1461 1470 scindi-

133 1520 233 1563 ctum
255 1521 495 1564 iniuriarum
517 1522 581 1566 non
606 1505 764 1586 daturum.
788 1503 888 1566 Verr.
917 1505 1039 1567 Aecus.
1067 1501 1102 1576 2,
1128 1501 1184 1578 27,
1207 1492 1331 1561 66.’-
1353 1498 1460 1563 Inic-

133 1593 279 1657 riarum
309 1614 430 1678 agere
459 1617 529 1659 cum
559 1594 681 1678 aliquo.
716 1599 754 1658 ad
780 1598 863 1660 Her
892 1599 927 1671 1,
957 1598 1012 1672 14,
1043 1596 1168 1657 tt.—
1203 1584 1461 1659 Ini'uriaruu

133 1689 425 1753 condemnatus.
457 1690 557 1753 Verr.
581 1690 702 1753 Aecus.
727 1691 762 1764 2,
786 1691 823 1766 8,
850 1690 903 1753 22.

219 1781 294 1846 ln
285 1802 344 1845 rus
365 1794 405 1846 ut
426 1804 509 1858 eas,
533 1804 617 1846 cum
642 1787 814 1847 voceris.
838 1786 877 1846 ad
900 1786 983 1848 Her.
1007 1785 1042 1860 2,
1068 1783 1125 1858 13,
1152 1781 1203 1845 19.

219 1874 381 1940 Iniussu
412 1876 556 1959 plebis.
601 1880 675 1940 Lex
704 1877 831 1960 Papiria
868 1891 954 1942 vetat
984 1877 1138 1941 iniussu
1170 1870 1313 1958 plebis
1346 1879 1459 1958 aedes,

133 1979 270 2045 terrem,
295 1990 380 2033 aram
403 1992 606 2035 consecrare.
638 1993 701 2054 pro
725 1975 820 2035 donno
845 1974 900 2048 49,
927 1973 1001 2036 127.

217 2064 381 2129 lniussu
402 2064 561 2148 populi,
586 2065 653 2130 sinc
676 2076 802 2128 senatus
824 2066 1025 2130 auctoritate.
1047 2069 1146 2129 Verr.
1173 2064 1255 2128 Ace.
1279 2064 1319 2140 3,
1345 2067 1382 2143 7,
1410 2070 1461 2131 17.

219 2159 264 2224 In
287 2181 430 2223 manum
454 2161 684 2223 convenire.
730 2161 832 2225 Vide:
868 2160 1196 2224 Nlatenfanrilias.
1221 2189 1263 2202 -
1286 2157 1323 2222 Si
1347 2160 1462 2225 mulier

98 2310 106 2317 .
135 2251 209 2320 viro
229 2254 268 2318 in
293 2275 438 2317 manum
461 2254 676 2328 convenit,
701 2256 824 2330 omnia,
849 2275 929 2338 quae
956 2253 1094 2318 mulieris
1120 2253 1270 2329 fuerunt,
1296 2254 1359 2319 viri
1382 2256 1462 2321 liunt

136 2346 220 2415 dotis
242 2347 380 2413 nomine.
426 2348 546 2431 Topic.
570 2351 605 2424 4,
630 2349 682 2414 23.

219 2441 419 2508 Inoa-atus.
464 2444 521 2506 Re
543 2443 716 2507 inorata.
749 2464 811 2525 pro
834 2445 869 2506 S.
894 2441 1017 2506 Roscio
1040 2445 1153 2507 Amen.
1177 2442 1213 2515 9,
1237 2438 1291 2504 26.

212 2537 262 2616 ¹In
291 2536 509 2620 procinctu
538 2549 812 2601 testamentum
842 2536 982 2600 facere
1012 2536 1080 2600 sine
1102 2539 1181 2603 libra
1206 2552 1303 2626 atque
1328 2538 1460 2604 tabulis.

136 2633 175 2696 de
198 2630 301 2703 Ornt.¹
318 2637 353 2707 1,
377 2631 436 2708 53,
462 2632 534 2696 228.
556 2662 596 2674 -
628 2632 715 2694 Nulli
736 2631 796 2694 viri
824 2642 997 2705 vocantur,
1023 2653 1063 2694 ex
1086 2655 1150 2717 quo
1173 2633 1210 2697 in
1232 2634 1462 2718 procinctu

137 2735 366 2790 testamenta
388 2724 562 2808 perierunt.
595 2730 632 2790 de
656 2728 699 2789 Ν.
723 2725 767 2790 D.
792 2725 828 2799 2,
853 2726 887 2799 3,
914 2725 944 2788 9.

223 2818 521 2901 Inscriptiones
543 2820 718 2884 litterarum
741 2820 867 2903 publice
892 2818 1073 2882 missarum:

223 2915 302 2977 Sex.
326 2913 501 2995 Pompeius
525 2916 638 2979 Coss.
662 2925 807 2997 practt.
831 2915 953 2977 tribb.
977 2917 1083 2996 pleb.
1107 2918 1277 2982 senatui.
1318 2921 1357 2981 ad
1390 2918 1461 2983 Ara.

138 3008 257 3085 16,1,
289 3010 319 3070 1.
349 3039 390 3050 -
423 3007 595 3090 Lepidus
618 3009 711 3089 Imp.
736 3009 832 3071 Iter.
856 3009 971 3073 Pont.
996 3010 1104 3072 Max.
1128 3013 1164 3074 S.
1188 3013 1232 3077 l).
1256 3014 1293 3077 S.
1318 3014 1360 3077 P.
1387 3012 1460 3077 PL.

140 3102 184 3182 Q.
207 3102 252 3167 R.
281 3102 434 3183 (Salutem
464 3101 538 3164 dicit
565 3102 694 3165 Senatui
725 3103 854 3184 Populo
879 3103 1035 3186 Plebique
1066 3106 1260 3188 Romanae.)
1296 3110 1336 3169 ad
1365 3109 1460 3173 Fam.

139 3198 199 3273 10,
223 3195 283 3272 35,
308 3199 340 3260 1.
376 3229 417 3242 -
451 3194 520 3260 Cn.
544 3195 715 3282 Magnus
737 3197 902 3262 Procos.
928 3195 970 3261 C.
994 3198 1191 3263 Marcello
1213 3201 1258 3264 L.
1280 3200 1459 3265 Lentulo

139 3286 256 3355 Coss.
279 3291 312 3357 S.
336 3288 381 3353 D.
415 3292 454 3352 ad
476 3292 546 3352 Αιι.
571 3292 607 3364 8,
634 3291 684 3351 12.
708 3292 750 3354 A.

222 3382 405 3468 Insignia
426 3383 627 3468 magistratus
650 3383 808 3446 abiecta
831 3383 861 3447 in
884 3387 1047 3468 squalore.
1079 3409 1141 3470 pro
1166 3387 1299 3453 Plancio
1325 3391 1388 3465 41,
1411 3388 1460 3453 98.

223 3478 334 3541 lnter
365 3477 492 3541 bonos
523 3477 618 3539 bene
650 3477 776 3563 agier.
815 3481 853 3542 de
885 3480 978 3545 Offic.
1007 3481 1072 3546 111.
1105 3484 1162 3559 15,
1194 3484 1247 3545 61.
1291 3483 1376 3549 Vid.
1411 3484 1459 3548 Ut

137 3571 246 3637 inter
268 3573 402 3635 bonos
424 3581 489 3634 cet.

177 3667 501 3731 intercedere.
545 3664 630 3728 Vide
653 3666 819 3729 Senatus
843 3671 1078 3735 auctoritas.

222 3758 454 3823 Interdtcto
477 3779 558 3822 curn
582 3759 715 3843 aliquo
738 3766 994 3827 contendere
1030 3767 1067 3828 de
1091 3765 1153 3828 Or
1179 3768 1214 3842 1,
1240 3767 1380 3845 10,11.

223 3857 479 3939 interpretes
511 3855 736 3938 corrumpendi
768 3856 873 3919 iudicii
905 3857 1078 3943 iunguntur
1114 3882 1185 3924 cum
1224 3861 1461 3945 sequestribus.

139 3952 241 4016 Verr.
267 3949 345 4013 Act.
370 3953 406 4025 1,
432 3948 491 4024 12,
515 3949 567 4011 36.

226 4042 511 4128 Interrogatio
545 4045 584 4106 de
613 4065 686 4108 aere
719 4045 821 4109 alieno
852 4047 1005 4127 Milonis,
1038 4054 1086 4131 (nt
1114 4051 1461 4136 interrogation

141 4141 185 4206 Ρ.
207 4136 400 4217 Vatinium.)
429 4137 591 4223 Fragmm.
613 4161 645 4221 p.
668 4141 742 4203 457.

226 4234 340 4299 Inter
363 4231 548 4296 sicarios.
593 4232 819 4314 Quaestionem
842 4237 950 4301 inter
973 4237 1145 4304 sicarios
1167 4251 1298 4303 exercet
1313 4252 1461 4324 praetor.

141 4329 179 4392 de
200 4328 296 4392 Finn.
319 4326 357 4403 2,
383 4327 440 4403 16,
465 4327 519 4390 51.

225 4421 429 4485 lntestato
452 4433 646 4486 mortuus.
677 4445 737 4506 pro
760 4426 880 4490 Flacco
903 4427 961 4503 31,
986 4428 1037 4493 81.

141 4608 179 4686 3
225 4515 358 4582 Iovem
380 4515 570 4598 Lapidem
599 4517 742 4582 iurare.
778 4524 816 4583 ad
846 4522 1001 4586 Famil.7
1013 4523 1105 4603 ,12
1132 4523 1164 4618 2.
1198 4525 1313 4589 confer
1341 4526 1463 4609 Polyb.

225 4701 327 4766 Iratr
350 4702 415 4767 du
461 4704 539 4786 Qul
562 4705 733 4770 allidit
725 4709 835 4774 irati
859 4712 896 4772 ad
916 4714 988 4777 Att
1012 4714 1050 4807 1,
1077 4715 1110 4792 7,
1133 4715 1221 4783 1.-
1244 4711 1339 4799 Tibi
1360 4716 1462 4791 Her-

42 4884 46 4889 η
140 4794 482 4873 eolesaitiratue
513 4801 619 4871 doN.
638 4800 683 4869 Ι).
707 4801 746 4883 3,
772 4804 826 4882 19,
851 4805 905 4893 60,
