3202 5318
130 256 210 343 res
614 274 967 344 mnsxnncnru.

128 419 278 495 istorum,
302 417 355 504 qui
376 415 532 500 auspicia,
555 415 610 502 qui
625 417 759 482 Aeliam
773 416 894 501 legem,
918 414 973 499 qui
994 413 1117 478 inuiam
1140 424 1171 477 et
1193 410 1370 489 Liciniam,
1395 415 1448 499 qui

126 511 297 577 Caeciliam
320 524 351 575 et
373 510 499 575 Didiam
523 509 768 594 neglexerunt.''
811 512 849 572 ad
871 508 1012 572 Are-11.
1037 508 1076 583 9,
1102 511 1132 571 t.
1156 538 1196 552 -
1219 555 1234 581 „
1245 509 1337 591 Lege
1359 506 1448 570 itinia

125 616 161 669 et
182 605 304 670 Licinia
327 604 382 686 (C.
404 604 574 682 Catonem)
595 603 656 666 scis
679 598 880 668 absolutums
914 601 1021 680 Fossa
1054 622 1118 686 ego
1142 601 1198 664 tibi
1221 601 1334 665 aruntio
1357 603 1450 664 abso-

128 699 227 763 lutum
249 698 325 761 iri.''
369 700 407 759 ad
430 700 501 761 Art.
524 698 589 761 lv.
614 695 672 771 16,
697 699 730 760 b.

209 795 254 856 Α.
276 814 311 855 ιι.
334 813 364 854 c.
388 792 462 854 597.
486 790 603 854 tribuni
623 790 726 873 plebis
746 788 873 853 fueraut
899 788 943 867 Q.
970 787 1083 852 Aelius
1110 789 1230 851 Paetus
1253 798 1286 850 et
1310 788 1362 852 Μ.
1383 788 1448 851 rn-

129 886 201 949 flus.
244 885 310 948 lam
337 882 470 968 Pighius
499 886 538 946 ad
566 884 649 946 bunc
670 904 801 946 aunum:
840 881 1007 957 „Aeliaim
1037 880 1157 965 inquit,
1190 892 1220 943 et
1244 880 1448 959 Fuliam'(ut

129 990 253 1041 vetusta
276 989 422 1041 correcte
445 997 559 1040 nomen
582 978 644 1040 hoc
670 977 811 1058 produnt
833 975 1039 1056 exemplaria)
1061 976 1148 1058 leges
1173 978 1212 1036 de
1232 975 1301 1037 iure
1323 987 1356 1038 et
1373 987 1450 1038 tcm-

128 1077 209 1153 por‘e
232 1071 430 1135 comitiorum
454 1068 613 1146 celebres,
638 1090 769 1153 quarum
788 1070 841 1132 M
861 1068 985 1131 Tullius
1007 1090 1103 1149 saepe
1120 1068 1310 1131 mentionem
1331 1067 1364 1129 in
1379 1069 1448 1152 qui·

128 1166 273 1226 busdam
286 1165 350 1227 suis
336 1161 580 1226 orationibus
605 1164 697 1237 iacit,
732 1164 795 1224 hoc
821 1162 910 1245 quasi
933 1182 1015 1224 annu
1045 1162 1124 1223 latas
1146 1183 1234 1237 esse,
1270 1181 1311 1222 cx
1337 1163 1447 1222 eodem

129 1258 282 1340 colligere
300 1269 367 1320 cst.
412 1257 530 1321 Tulerc
559 1259 622 1320 diro
647 1255 888 1337 tribuniplebis
913 1255 1024 1318 Aelius
1052 1267 1084 1318 et
1113 1256 1241 1330 Fufius,
1274 1253 1447 1337 dequibus

130 1350 186 1413 nil·
204 1350 286 1413 aliud
315 1349 496 1434 singillatim
526 1350 676 1413 memoria
704 1349 864 1431 proditum
891 1347 1080 1430 reperimus.
1124 1349 1163 1412 In
1192 1346 1365 1411 Vatiniana
1393 1368 1448 1411 sna

129 1443 250 1509 Cicero
273 1444 480 1506 sanctissimas
503 1442 577 1505 istas
599 1444 687 1525 leges
704 1443 826 1504 Aeliam
850 1454 880 1504 et
897 1442 1018 1504 Fufiam
1040 1440 1152 1504 asserit
1173 1441 1203 1503 iu
1226 1443 1448 1505 Gracchorum

129 1536 297 1602 ferocitate
325 1548 356 1599 et
378 1535 409 1599 iu
437 1537 564 1599 audacia
588 1536 748 1600 Saturnini
771 1534 853 1599 etin
864 1535 1063 1599 colluvione
1085 1535 1183 1599 Drusi
1205 1547 1236 1598 et
1261 1534 1292 1596 in
1317 1546 1449 1598 conteu-

130 1630 218 1695 tioue
240 1629 373 1711 Sulpicii
400 1641 431 1692 ct
458 1629 489 1692 iu
514 1629 658 1694 Cinnano
678 1651 795 1693 cruore
816 1627 961 1721 (surore
982 1628 1033 1690 alii
1055 1628 1192 1692 sortasse
1211 1627 1337 1705 melius)
1358 1627 1448 1690 etiam

131 1723 213 1785 inter
239 1723 366 1786 Sullana
389 1744 474 1785 arma
504 1724 634 1786 vixisse.
679 1721 817 1787 Constat
851 1722 949 1805 igitur
984 1732 1055 1784 aute
1090 1722 1277 1785 Gracchana
1306 1732 1451 1804 tempora

131 1817 209 1878 latas
236 1814 346 1879 luisse.
399 1817 436 1879 ln
466 1815 635 1880 Pisoniana
664 1817 789 1900 quidem
813 1818 1008 1878 demonstrat
1029 1815 1105 1899 quid
1135 1815 1286 1896 amplius,
1319 1827 1352 1877 et
1378 1827 1448 1878 ante

98 1964 104 1975 .
132 1909 247 1971 bellum
269 1908 422 1972 Punicum
441 1911 567 1973 tertium
587 1912 665 1972 latas
680 1909 817 1972 insinuat
833 1910 881 1972 his
903 1909 1012 1991 paucis
1034 1909 1158 1972 verbisz
1181 1912 1327 1973 Centum
1340 1930 1448 1992 prope

132 2021 242 2064 annos
263 2003 356 2085 leges
376 2003 512 2068 Aeliam
533 2016 566 2067 et
587 2003 725 2082 Fufiam
746 2016 979 2066 tenueramus.
1023 2002 1058 2066 Si
1073 2022 1176 2083 prope
1192 2015 1317 2064 centurn
1334 2022 1443 2076 annos,

132 2105 166 2156 ut
187 2094 245 2171 ait,
266 2093 297 2157 iu
321 2116 377 2158 usu
399 2107 633 2171 remanserunt,
658 2099 720 2159 hcc
742 2096 811 2158 lere
833 2097 911 2159 latas
925 2116 1007 2166 anno
1034 2092 1207 2177 po‘terimus
1229 2094 1371 2178 opinari,
1394 2096 1447 2180 qui

133 2208 150 2249 a
180 2189 222 2251 P.
254 2186 361 2252 Clodii
388 2189 548 2252 tribunatu
578 2190 696 2272 plebis,
734 2189 763 2251 in
787 2211 852 2273 quo
876 2202 948 2251 sunt
970 2190 1161 2273 abrogatae,
1198 2191 1362 2271 reperitur
1382 2209 1449 2253 esse

135 2278 355 2362 nonagesimus
378 2295 520 2348 octavus.
563 2283 651 2347 Duas
681 2296 783 2345 autem
805 2283 901 2345 fuisse
927 2284 1032 2367 leges,
1068 2294 1153 2344 recte
1179 2283 1226 2345 vir
1248 2283 1448 2346 doctissimus

133 2374 175 2437 P.
205 2373 369 2437 Mauritius
394 2375 561 2439 existimat.
606 2379 686 2439 Nam
715 2377 788 2439 licet
816 2379 967 2459 quaedam
998 2375 1162 2439 Ciceronis
1192 2376 1262 2440 loca
1286 2378 1449 2440 videantur

47 2494 53 2509 =
132 2469 171 2528 de
198 2488 258 2529 una
280 2489 297 2528 a
322 2468 445 2532 duobus
470 2469 532 2532 lata
554 2469 626 2552 lege
651 2471 757 2554 loqui,
793 2470 822 2532 iu
850 2470 1007 2553 aliquibus
1031 2481 1134 2531 tannen
1156 2469 1232 2532 illud
1261 2469 1331 2534 vitii
1355 2472 1449 2534 libra·

131 2559 253 2623 riorum
271 2561 381 2643 culpae
399 2560 505 2643 potius
527 2585 620 2644 quarn
642 2563 806 2627 Ciceronis
823 2562 1033 2646 negligentiae
1057 2561 1154 2624 tribui
1175 2565 1298 2626 debere'
1311 2563 1447 2638 ridetur,

16 2690 20 2697 =
132 2652 158 2715 si
181 2653 247 2734 ipsa
271 2654 452 2739 diligentius
475 2659 573 2719 verba
594 2657 847 2730 consideramus,
870 2666 905 2718 ut
926 2655 977 2718 illa
1000 2656 1058 2718 iam
1079 2657 1225 2717 adducta.
1270 2657 1363 2737 Quae
1377 2676 1446 2719 cum

132 2746 163 2807 in
186 2748 418 2829 exemplaribus
439 2750 681 2833 antiquo'more
701 2748 828 2831 scriptis
851 2746 882 2809 ni
899 2748 994 2811 fallor
1016 2749 1061 2810 sic
1079 2768 1228 2829 expressa
1246 2748 1447 2831 reperiuntur

134 2836 334 2903 CENTUM
357 2842 512 2906 PROPE
533 2843 687 2905 nultos
711 2840 849 2904 LEGG.
873 2842 1061 2904 AELIAM
1084 2843 1144 2904 ET
1167 2843 1351 2906 FUFIAM
1373 2843 1448 2906 ΤΕ·

134 2932 413 3009 NUERAMUS,
451 2935 510 3015 ipsi
533 2945 650 2998 temere
677 2957 787 2997 vocem
810 2936 953 2998 LEGG.
976 2935 1116 2998 breviter
1142 2947 1279 2997 notatam
1309 2935 1448 3018 explica·

133 3037 248 3087 verunt
270 3025 299 3087 in
316 3028 503 3102 LEGEM,
529 3050 593 3091 uon
609 3029 652 3090 uti
668 3030 825 3090 debebant
846 3027 877 3090 in
900 3029 1063 3092 LEGES.
1107 3028 1201 3108 erod
1224 3029 1326 3110 ipsum
1349 3029 1448 3093 mulio

133 3117 247 3179 clarius
262 3120 414 3204 cognosci
430 3131 536 3202 potest
556 3143 596 3183 ex
611 3121 678 3184 aliis
696 3121 860 3184 Ciceronis
878 3121 983 3184 verbis
1004 3121 1140 3184 eiusdem
1160 3121 1336 3184 invectivae
1350 3119 1448 3204 panlo

133 3209 294 3291 superius,
330 3212 384 3275 ubi
412 3234 483 3276 curn
520 3214 565 3276 sic
600 3215 726 3297 antiqua
755 3214 913 3277 scribendi
942 3215 1079 3277 formula
1109 3216 1300 3279 baberetur:
1339 3217 1372 3279 A
1404 3214 1446 3280 P·
1494 3260 1499 3287 .

135 3301 313 3368 CLODIO
336 3307 514 3370 FATALI
537 3308 792 3373 PORTENTO
815 3308 1141 3387 PRODIGIOQUE
1163 3309 1285 3373 REIP.
1311 3308 1448 3373 LEGG.
1494 3312 1498 3325 '

4 3406 11 3417 ’
135 3398 281 3460 AELIA
306 3400 366 3462 ET
388 3402 527 3465 FUFIA
552 3403 787 3478 EVEESAE,
818 3400 1200 3467 PROPUGNACULA
1230 3402 1449 3482 MURIQUE

81 3495 87 3503 ’
135 3492 569 3572 TRANQUILLITATIS
602 3495 758 3574 ATQUE
794 3495 912 3569 OTII,
955 3494 1168 3577 exscriptorcs
1200 3495 1273 3557 item
1307 3495 1463 3563 LEGG..

133 3604 299 3666 perperam
315 3586 346 3648 in
361 3588 474 3663 LEX,
498 3601 528 3651 et
551 3590 785 3665 EVERSAE,
810 3589 840 3651 in
855 3589 1040 3652 EVERSA
1055 3599 1234 3663 mutavere,
1259 3610 1330 3651 cum
1347 3599 1449 3652 tamen
1490 3636 1498 3649 .

135 3681 233 3741 verba
252 3680 416 3762 sequeutia
439 3680 641 3745 multitudinis
664 3704 795 3744 nurnero
816 3682 939 3764 prolata
970 3683 1250 3764 (propugnaculo
1277 3682 1448 3766 maurique)

134 3783 243 3854 aperte
271 3773 415 3857 flagitent
441 3779 656 3858 apponendam
681 3776 739 3839 sibi
767 3797 878 3840 vocem
905 3775 1042 3838 eiusdem
1071 3775 1192 3838 numeri
1215 3785 1248 3838 et
1276 3778 1447 3838 ostendunt

133 3867 226 3949 leges
248 3887 312 3930 non
333 3869 393 3930 lea·
413 3869 510 3932 scribi
533 3871 659 3937 debere.
718 3870 842 3934 Similes
870 3890 998 3934 errores
1023 3880 1096 3931 sunt
1120 3869 1194 3932 item
1220 3869 1251 3932 iu
1277 3866 1448 3931 Vatiniana

133 3968 166 4021 et
188 3958 218 4021 in
240 3960 308 4024 aliis
330 3961 421 4026 locis.
464 3963 517 4026 Sic
534 3964 565 4027 in
584 3965 728 4028 Asconio
748 3963 909 4039 Pediano,
935 3961 1101 4027 Ciceronis
1123 3973 1374 4026 commentatore
1397 3982 1449 4026 rc-

134 4063 237 4130 tusto,
262 4075 343 4136 quae
364 4055 417 4118 hic
437 4056 602 4121 brevitatis
625 4080 718 4121 carisa
734 4069 915 4140 praetereo.
960 4057 1067 4136 Quare
1083 4057 1158 4118 mibi
1172 4076 1302 4141 quoque
1316 4076 1448 4137 persna-

134 4165 202 4206 sum
225 4158 272 4209 est
295 4150 372 4211 duas
393 4149 491 4213 sitisse
513 4151 600 4236 leges
623 4173 639 4214 a
663 4154 785 4216 duobus
807 4152 939 4236 collegis
963 4149 1094 4212 tribunis
1116 4150 1216 4231 plebis
1240 4153 1351 4214 eodem
1367 4170 1448 4213 anuo

132 4235 232 4302 latas:
268 4262 337 4304 cum
360 4240 478 4309 Cicero
501 4244 590 4307 simul
617 4266 668 4308 eas
693 4246 762 4309 sere
791 4245 884 4321 citet,
917 4244 971 4307 vix
998 4263 1144 4349 umquam
1172 4255 1312 4326 separet.
1334 4244 1448 4308 Nam

135 4334 228 4395 ambo
250 4335 451 4402 comitiorum
474 4338 545 4403 iura
568 4343 739 4422 depravata
766 4360 807 4403 ex
831 4342 953 4403 Numae
975 4336 1061 4420 regis
1085 4335 1302 4445 maiorumque
1323 4337 1449 4423 legibus

135 4424 329 4492 reformasse
351 4430 521 4511 videntur,
550 4454 621 4497 cnm
644 4434 708 4497 iam
725 4432 878 4496 inclinatis
900 4435 940 4495 ad
963 4430 1039 4494 vitia
1066 4429 1181 4493 civium
1210 4431 1321 4495 animis
1342 4429 1450 4515 prisc·

137 4535 206 4577 cum
227 4522 348 4602 populo
372 4526 486 4609 agendi
508 4527 623 4608 religio
653 4550 712 4610 per
733 4527 933 4590 ambitionem
957 4537 988 4589 et
1012 4527 1171 4590 avaritiam
1195 4525 1311 4588 civium
1333 4522 1450 4608 passi!

138 4611 319 4676 conculcari
338 4619 507 4699 coepisset.
552 4621 724 4706 Utriusque
742 4621 821 4703 legis
836 4620 1020 4685 sententiam
1037 4620 1204 4704 diligenter
1222 4640 1262 4683 ex
1279 4615 1450 4684 Ciceronis

139 4700 246 4765 verbis
276 4706 440 4775 Manutius
470 4717 622 4795 excessit,
657 4738 696 4781 en
726 4717 838 4800 quibus
865 4714 956 4780 simul
985 4714 1108 4780 collatis
1139 4714 1241 4797 palam
1274 4711 1366 4775 nobis
1396 4710 1447 4786 ur,
