3202 5318
126 353 167 418 ιιι
226 381 238 406 ι
500 350 503 354 ·
586 436 590 443 f
710 349 861 417 ιιιιιιιι

208 497 381 590 dorpanei,
405 493 597 580 splendida.
640 495 682 555 sd
705 493 775 557 Art.
799 493 846 556 V.
870 491 930 566 90,
943 490 986 554 ’.6

209 586 385 670 Λαιιίζειι,
397 587 506 679 falso
530 600 721 663 ostentare,
745 585 949 650 insolentius
970 586 1112 649 iactare.

207 686 396 770 Λάπισμα,
413 681 523 774 falsa
552 681 725 767 quasdam
748 679 945 747 ostentatio.
989 681 1096 761 „Nam
1124 700 1186 764 ego
1210 681 1297 743 hunc
1320 677 1365 743 ita
1391 701 1444 764 pa·

124 793 227 844 ratum
261 780 356 843 video
387 777 547 859 peditatu,
583 776 744 860 equitatu,
779 774 954 849 elassibus,
988 773 1113 837 auxiliis
1142 773 1330 850 Gallorum,
1365 795 1444 858 quos

123 874 246 939 Matius
275 874 441 952 ἐλάπιζει,
473 883 509 934 ut
534 882 639 953 putot
676 872 733 932 sed
754 881 841 932 certe
868 869 1009 946 dicebat,
1042 867 1182 951 peditum
1206 870 1314 931 decem
1337 869 1441 945 milia,

67 965 86 985 '
124 967 264 1051 equitum
279 988 337 1029 sex
357 965 504 1049 polliceri
525 975 651 1046 sumptu
666 985 726 1028 suo
749 985 847 1027 annos
867 965 989 1026 decem.
1035 963 1100 1027 Sed
1116 964 1157 1025 sit
1178 965 1243 1026 hoc
1257 963 1442 1050 λάπισμα.”

124 1065 164 1125 11
188 1063 261 1126 Att.
282 1061 345 1126 lx.
370 1060 428 1134 13,
453 1062 485 1122 1.
530 1060 570 1121 ln
588 1057 655 1120 aliis
671 1061 741 1121 cdd.
767 1070 814 1121 est
837 1060 1025 1138 ἐσάλπιζει,
1050 1059 1137 1141 quod
1155 1057 1295 1121 defendit
1314 1058 1441 1122 Victor.
1461 1122 1468 1130 ,

123 1159 170 1221 V.
201 1158 244 1219 L.
263 1156 320 1231 37,
353 1155 386 1218 d.
412 1155 506 1217 male.
558 1154 659 1229 Nam,
690 1165 726 1216 ut
749 1173 824 1216 vere
846 1153 1022 1216 Lambinus
1047 1164 1173 1228 usonet,
1209 1159 1443 1238 aalattesr‘cst

122 1271 201 1314 vera
225 1249 429 1333 praedicare,
463 1256 621 1327 λαπίζειι,
650 1247 751 1322 falsa,
783 1249 871 1330 quod
895 1247 968 1310 huic
990 1248 1064 1311 loco
1090 1247 1257 1311 convenit:
1289 1266 1356 1311 non
1381 1267 1441 1330 quo

123 1368 188 1410 non
215 1357 247 1408 et
265 1351 432 1422 σαλπίζειν
455 1342 650 1406 sithominis
675 1339 857 1424 arrogantis
879 1353 911 1403 et
929 1341 1110 1417 iactatoris,
1139 1344 1196 1405 sed
1218 1343 1307 1426 quod
1328 1346 1442 1406 nalst-

123 1450 449 1520 revertententes,
485 1458 568 1520 quae
592 1458 669 1499 vera
697 1447 786 1511 sunt,
818 1435 954 1513 iactant,
987 1443 1169 1517 λαπίζοντις
1191 1446 1293 1499 autem
1317 1447 1440 1500 contra.

125 1535 181 1598 Sic
204 1533 297 1597 etiam
311 1531 418 1595 Latini
433 1524 672 1594 buccinatorcm
692 1532 865 1612 appellant,
890 1530 943 1615 qui
963 1553 1057 1594 veras
1077 1532 1186 1594 laudes
1207 1528 1441 1594 immoderatius

122 1630 229 1692 iactat.
249 1626 322 1693 Cic.
345 1628 385 1688 ad
404 1625 520 1689 Tiron.
539 1628 657 1708 quod
672 1624 847 1707 polliceris
872 1636 903 1688 te
929 1625 1168 1690 buccinatorem
1190 1625 1263 1689 fore
1285 1622 1443 1687 existima·

124 1722 218 1787 tionis
233 1720 329 1785 meae
334 1725 417 1783 ’cet.
439 1720 538 1785 XVI.
564 1720 616 1782 91.
648 1720 772 1784 Eodem
791 1721 887 1784 modo
909 1719 1011 1783 nostri
1032 1720 1157 1783 dicunt.
1192 1720 1310 1782 Etwas
1330 1738 1442 1800 auspe-

124 1838 255 1882 sauuen.
313 1815 464 1880 Ceterum
494 1813 579 1877 subit
603 1813 656 1876 hic
682 1813 834 1877 inemoria
861 1813 1064 1898 cogitationis
1090 1814 1174 1891 eius,
1202 1834 1274 1876 cum
1298 1804 1441 1896 putarem

9 1926 12 1937 ’
88 1992 92 2001 ἱ
123 1913 201 1976 illud
227 1911 348 1974 Matth.
377 1910 442 1972 Vl.
470 1911 537 1971 d.‘
526 1908 607 1974 όταν
617 1895 723 1994 ποιῇς
752 1909 989 1993 ἐλεημοσύνην,
1011 1912 1049 1974 οὗ
1070 1911 1293 1994 μήσαλπίσῃς
1322 1907 1441 1993 ἔμπρο-

8 4828 21 4861 t

123 2015 202 2073 ahts
218 2032 289 2082 σου
307 2024 375 2067 non
389 2023 470 2078 esse
496 2013 531 2064 ut
545 2002 689 2086 plerique
712 2002 842 2077 iaciunt,
867 2023 1001 2085 proprie
1016 2004 1244 2086 accipiendum
1273 2023 1346 2064 cum
1360 2001 1442 2064 nulla

123 2100 239 2165 idonea
265 2098 455 2163 astctoritate
485 2096 668 2160 confirmari
699 2099 898 2160 consuetudo
921 2109 984 2159 tam
1012 2100 1149 2161 absurda
1175 2096 1297 2179 possit,
1329 2098 1386 2159 sed
1406 2097 1441 2158 de

123 2193 357 2301 praedicatione
384 2191 581 2255 liberalitatis
609 2189 871 2254 immoderatiori.
923 2191 1063 2255 Videant
1095 2191 1214 2256 Iudaici
1247 2191 1329 2255 ritus
1362 2191 1442 2276 peri·

123 2288 237 2352 tiores.
281 2289 366 2351 Ειιιι.

209 2382 377 2466 [Λαχεῐν,
401 2381 570 2458 nancisci,
595 2393 688 2445 sorte
710 2380 869 2463 adipisci.
914 2382 953 2443 ad
976 2381 1047 2444 Att.
1070 2382 1206 2456 xv.‚9
1233 2379 1283 2461 l.]

205 2478 416 2558 Aetehdeag,
443 2476 591 2551 sensim,
615 2478 781 2551 latenter,
806 2478 906 2538 elom.
941 2473 1180 2557 „Consuetudo
1209 2475 1358 2542 diuturna
1380 2480 1440 2544 cal·

124 2574 189 2636 lum
215 2572 275 2635 ism
299 2571 434 2635 obduxit
451 2573 618 2635 stomacho
644 2570 761 2634 tneo.''
806 2571 845 2632 ad
862 2570 954 2633 Fam.
974 2571 1040 2632 lX.
1064 2570 1102 2645 9,
1127 2570 1158 2634 3.
1179 2602 1221 2613 -
1264 2573 1376 2654 „Mihi
1392 2578 1442 2639 de·

123 2666 275 2730 cessionis
299 2666 365 2729 dies
388 2666 563 2744 λεληθότως
587 2665 804 2747 obrepebat.’'
849 2666 887 2726 ad
908 2667 978 2727 Au.
1000 2664 1064 2728 VI.
1086 2666 1121 2739 5,
1147 2666 1179 2728 3.

206 2764 336 2839 Λέξεις,
363 2760 477 2823 uerba.
523 2759 650 2841 „Quod
677 2761 762 2841 apud
786 2757 944 2822 Lucilium
971 2756 1050 2820 scite
1078 2759 1218 2843 exagitat
1245 2759 1278 2824 in
1303 2762 1441 2828 Albucio

124 2854 296 2918 Scaevolae

290 2952 405 3032 Quam
425 2948 535 3032 lepide
558 2953 652 3027 λέξεις
675 2959 887 3031 compostae,
912 2956 952 3009 ut
969 2952 1175 3024 tesserulae,
1199 2971 1319 3014 omnes

292 3046 395 3117 Arte,
417 3043 614 3125 pavimento
640 3055 744 3128 atque
769 3044 968 3106 emblemate
987 3044 1252 3108 vermiculato.’'

125 3138 247 3202 Orator
271 3137 329 3209 11,
355 3138 428 3200 119.

206 3234 334 3309 Λέσχη,
357 3231 611 3323 cory‘abulatio.
636 3234 722 3306 „Est
743 3232 893 3316 prolecto
916 3232 1061 3315 quiddam
1086 3241 1199 3315 λέσχη,
1225 3257 1305 3321 quac
1327 3238 1439 3312 habet,

124 3323 215 3389 etiam
254 3325 282 3386 si
314 3323 390 3388 nihil
421 3328 544 3404 subest,
578 3328 795 3392 collocutione
823 3328 891 3409 ipsa
915 3327 1140 3393 sitavitatem.”
1191 3334 1231 3394 11
1256 3333 1331 3395 Ast.
1359 3332 1440 3398 XII.

124 3423 159 3494 1,
183 3420 215 3482 9.
260 3419 311 3483 De
340 3427 470 3499 λέσχαις
496 3420 560 3484 vid.
590 3421 722 3485 Graevii
744 3424 852 3485 Lcctt.
877 3422 1015 3486 Hesiod.
1040 3444 1070 3485 c.
1094 3426 1147 3487 11.
1191 3427 1276 3491 Euu.

207 3518 394 3592 Λευκοθέα,
420 3517 625 3579 Leucothea.
672 3515 806 3598 „Quint
838 3519 917 3592 luo,
943 3515 1055 3580 Cadmi
1076 3517 1158 3594 filia,
1189 3541 1294 3586 nonne
1319 3527 1441 3589 Λευκο-

123 3616 184 3674 tts'a
206 3607 366 3671 nominata
394 3630 409 3671 1
435 3609 586 3687 Graecis,
612 3611 740 3674 Matuta
766 3613 902 3673 hahetur
924 3633 940 3673 a
964 3611 1133 3674 nostris?''
1156 3614 1255 3677 Tusc.
1272 3614 1303 3678 l.
1321 3615 1373 3692 19,
1388 3616 1440 3679 98.

206 3703 377 3782 Adrastos,
418 3706 610 3786 ampullae,
644 3705 842 3790 pigmenta,
881 3706 1003 3790 quihus
1039 3708 1197 3771 ornatior
1225 3708 1279 3786 set
1314 3711 1441 3775 oratio.

125 3798 273 3872 „Totum
299 3798 383 3858 1ιιι11
410 3796 531 3873 locum,
567 3820 660 3882 quem
690 3820 752 3884 ego
776 3799 864 3863 varie
891 3798 967 3861 meis
991 3799 1211 3878 orationibus,
1247 3824 1380 3888 quarum
1410 3817 1443 3870 tu

122 3891 333 3956 Aristarchus
362 3911 418 3965 es,
453 3893 543 3955 solco
572 3893 721 3976 pingere,
758 3897 795 3958 de
817 3895 961 3969 flamma,
996 3895 1035 3957 de
1057 3895 1166 3971 11111,
1201 3934 1242 3943 -
1264 3901 1350 3964 uasti
1373 3900 1443 3965 illas

59 4066 62 4070 ,
125 3986 299 4065 ληκύθους,
328 4020 368 4030 -
393 3985 484 4048 valde
508 3988 651 4070 graviter
673 3987 874 4069 pertexuit.’'
919 3990 956 4049 ad
979 3989 1049 4051 Au.
1072 3991 1101 4052 l.
1127 3993 1184 4065 11,
1216 3992 1248 4055 3.
1292 3995 1443 4075 Λῆκυὲιοι

124 4082 200 4165 quid
222 4081 301 4155 sint,
327 4101 390 4143 uon
408 4080 609 4143 consentiunt
634 4081 720 4145 docti
737 4082 894 4146 homines
938 4083 1168 4166 Interpretatio
1191 4107 1245 4161 ea,
1280 4110 1363 4173 qssac
1384 4111 1445 4152 vas

122 4173 308 4257 pictoriam
334 4173 413 4237 facit
440 4175 526 4253 (vid.
558 4199 591 4238 v.
622 4199 651 4242 e
682 4179 819 4240 Gesner.
850 4178 889 4239 ad
919 4178 1004 4241 Plin.
1035 4180 1099 4260 Ep.
1128 4180 1158 4242 1.
1183 4180 1257 4260 9.,)
1290 4203 1367 4246 vcra
1391 4183 1444 4246 illa

124 4268 328 4352 quidemst,
357 4289 460 4353 neque
480 4280 583 4332 tamen
607 4280 780 4353 propterca
803 4271 857 4334 illa
878 4272 976 4335 altera
996 4272 1093 4349 salsa,
1118 4296 1199 4355 quae
1221 4297 1277 4339 vas
1300 4298 1447 4362 unguen·

124 4360 235 4424 tarium
259 4362 356 4438 facit,
390 4366 612 4449 μιροθηκιοι,
647 4386 716 4427 cum
742 4365 861 4428 Pollux
887 4366 953 4429 Vl.
982 4367 1034 4429 19.
1059 4367 1446 4450 11111111ήκυθοιίι1111

126 4456 165 4520 τὰ
191 4459 254 4521 τῶν
277 4484 389 4544 μυρων
411 4463 527 4543 ἀγγεῖα
547 4461 678 4525 reserat.
721 4460 831 4544 Atque
854 4461 917 4523 hoc
934 4481 1027 4524 sensu
1042 4461 1159 4543 passim
1175 4476 1222 4527 cst
1240 4468 1325 4547 apud
1344 4461 1445 4530 Grae-

124 4569 182 4612 cos
208 4561 370 4626 auctores,
400 4565 436 4615 ut
458 4575 510 4636 ap.
535 4554 746 4635 Aristophsn.
771 4556 860 4620 Plut.
891 4555 965 4619 811.
995 4555 1057 4625 vid.
1081 4551 1221 4623 Corrad.
1244 4560 1342 4624 adh.
1366 4561 1390 4625 l.
1414 4571 1445 4625 et

124 4642 289 4706 Eschenb.
319 4646 357 4708 dc
383 4646 482 4711 Unct.
505 4670 536 4711 c.
562 4651 591 4715 1.
637 4651 720 4715 Esse.

207 4737 393 4822 Λήμματα,
422 4743 706 4825 ιιιιιιιιιίοιιιιη
708 4745 789 4826 ,811
811 4747 918 4808 demus
944 4743 1001 4808 tibi
1025 4741 1101 4809 istas
1126 4748 1204 4809 ditas
1226 4747 1441 4833 sumptiones,

125 4851 179 4911 ca,
205 4853 286 4916 quae
301 4831 459 4917 λήμματα
475 4838 636 4920 appellant
658 4797 833 4917 dialectici,
856 4841 911 4904 sed
937 4860 994 4904 nos
1020 4840 1133 4906 Latine
1155 4839 1247 4927 loqui
1267 4843 1441 4909 malumus:
