3202 5318
211 310 275 385 281
695 308 849 378 tubex
866 310 1052 379 LEGUM.

208 459 331 533 ferret,
356 453 448 523 c'orri
470 457 535 521 (luo
555 473 690 519 numero
711 452 743 517 in
766 453 832 517 alto
856 451 1000 519 volantes
1023 452 1065 517 ita
1086 465 1272 541 pugnarunt
1290 477 1390 539 supra
1411 460 1540 526 contio-

211 562 303 626 ueni,
342 562 377 615 ιιι
403 548 526 613 rostris¹
550 548 773 635 ringraibusqus
797 546 1028 611 lacerarentur.
1073 548 1248 631 Aruspices
1274 571 1365 616 saera
1395 556 1541 637 Apollini

211 645 328 710 litantia
363 655 397 709 et
427 644 480 709 de¹
499 642 590 729 lege,
623 663 704 727 qnae
737 640 920 718 ferebatur,
956 645 1225 726 supersedendum
1257 649 1542 727 pronuntiarunt.''

210 740 311 808 lulius
333 740 529 825 obsequens
551 759 581 802 c.
604 738 657 801 ts.

219 866 222 875 ·
297 836 409 917 ,sesa
438 848 569 919 quoque
598 830 731 897 Titiam
760 827 869 895 similis
902 852 994 897 casus
1021 832 1213 914 prostravit.
1257 833 1337 900 Erat
1364 834 1541 916 innocens,

210 928 360 1016 agrario
386 930 460 1015 lege
490 927 553 992 lata
583 926 745 1013 gratiosus
774 924 859 1007 apud
888 928 1056 1010 populum.
1101 928 1242 1006 Τιιιιιιι,
1275 931 1347 1016 quia
1378 932 1544 998 Saturnini

212 1024 390 1111 imaginem·
403 1020 490 1089 toni
505 1024 673 1095 habuerat,
698 1018 862 1103 suffragiis
877 1040 946 1083 enm
963 1031 1031 1084 tota
1047 1020 1191 1108 cognitio
1208 1024 1403 1107 oppressit.’'
1429 1026 1542 1092 Valer.

212 1118 310 1185 Mas.
333 1116 435 1183 Vlil.
453 1118 490 1181 1.
533 1115 652 1180 Damn.
675 1114 708 1181 t.

299 1212 412 1295 „Quill
432 1209 614 1297 religiosius
638 1230 732 1294 quam
759 1228 829 1271 cum
853 1210 993 1291 populo,
1029 1230 1100 1273 cum
1121 1210 1235 1293 plebe,
1269 1212 1385 1299 agendi
1412 1214 1463 1278 ius
1490 1223 1542 1278 sut

214 1310 290 1375 titre
310 1319 365 1372 aut
386 1326 451 1371 non
472 1302 573 1369 dare?
600 1300 698 1389 quid?
733 1302 854 1387 legem,
878 1303 904 1365 si
928 1325 990 1368 non
1014 1304 1085 1367 iure
1111 1316 1226 1388 rogata
1248 1318 1314 1382 est,
1338 1308 1479 1373 tollere?
1510 1319 1543 1371 ιιι

214 1398 349 1471 ttttma
367 1400 500 1467 ¹‹lerrstu
514 1396 663 1483 collegii,
688 1409 722 1460 ιιι
737 1395 848 1461 Livias
864 1398 997 1462 consilio
1013 1397 1156 1483 Philippi
1176 1400 1317 1464 consulis
1332 1414 1364 1465 et
1379 1400 1541 1489 auguris.”

215 1500 256 1563 ιιι
277 1498 388 1583 Lagg.
410 1494 460 1561 tt.
481 1494 541 1574 12,
564 1494 619 1558 31.

727 1630 748 1669 0
1020 1634 1038 1668 tt

874 1680 892 1716 ll

303 1774 450 1851 ,Habuit
473 1774 527 1839 liic
555 1774 613 1853 (L.
635 1774 788 1849 Murena)
811 1774 883 1855 lege
906 1774 1003 1839 Titia
1024 1775 1222 1857 provinciam
1249 1776 1376 1840 tacitam
1398 1788 1432 1840 et
1458 1776 1545 1861 quie·

215 1867 316 1939 tan.”
352 1890 414 1955 pro
438 1870 580 1933 Murena
602 1868 639 1946 8,
666 1869 718 1931 18.
764 1866 864 1932 Conl.
889 1868 1000 1933 Sclaol.
1027 1871 1110 1935 Bob.
1134 1870 1166 1933 in
1191 1871 1301 1933 Vatin.
1327 1893 1360 1953 p.
1384 1871 1461 1935 tto.

224 1988 228 1995 ·
302 1962 354 2031 De
375 1974 542 2047 postremo
564 1964 723 2027 hocloco
745 1983 816 2025 cum
840 1963 967 2026 (trabium
990 1964 1048 2039 sit,
1074 1976 1176 2028 utrum
1200 1967 1237 2026 ad
1261 1965 1390 2029 eaodem
1415 1965 1547 2029 Titiam

218 2059 402 2145 agrariam
430 2079 468 2121 an
496 2059 535 2120 ab
564 2057 656 2139 plane
677 2056 834 2137 diversam
861 2056 965 2141 legem
996 2059 1173 2138 pertineat,
1210 2059 1343 2121 liberum
1371 2059 1547 2123 lectoribus

219 2150 385 2220 arbitrium
401 2152 583 2237 relinquere
606 2152 703 2215 satius
725 2149 817 2228 duxi,
846 2150 1001 2234 appositis
1024 2150 1167 2216 virorum
1188 2155 1357 2217 doctorum
1377 2156 1416 2217 de
1441 2153 1547 2217 verbis

220 2244 391 2317 Ciceronis
411 2244 593 2310 sententiis:

304 2340 397 2407 ilaec
415 2340 471 2405 lex
494 2361 574 2424 quae
595 2339 655 2416 sit,
679 2338 787 2424 legere
810 2359 874 2402 oon
898 2338 1035 2402 memini.
1080 2339 1175 2403 Licet
1196 2352 1299 2405 tameo
1323 2341 1486 2407 coniicere
1507 2364 1548 2407 ex

220 2430 536 2510 senatusconsulto,
569 2456 634 2520 quo
661 2432 899 2518 provinciarum
921 2435 1003 2498 lacta
1025 2434 1154 2500 sortitio
1177 2447 1242 2510 est,
1273 2437 1313 2497 ab
1340 2435 1449 2521 aliquo
1471 2456 1549 2500 con·

221 2530 291 2595 sule
313 2528 403 2595 Titio
426 2532 519 2613 latam
543 2550 613 2593 esse
637 2530 754 2614 legen.
801 2530 880 2592 Nam
908 2550 948 2591 ex
977 2530 1012 2591 S.
1038 2527 1080 2594 C.
1109 2529 1196 2615 leges
1218 2550 1445 2613 nonnunquam
1467 2530 1550 2593 lere-

222 2626 299 2690 bant
320 2624 482 2688 eonsules.
518 2624 674 2687 Sruvrus.
719 2625 845 2688 Abesse
872 2625 1017 2686 mendum
1039 2645 1196 2709 nunquam
1225 2623 1363 2687 credidi:
1398 2624 1546 2705 primum,

222 2719 296 2806 quia
317 2718 458 2783 Murena
479 2717 678 2800 provinciam
701 2718 809 2779 habuit
831 2728 935 2794 sorte,
958 2738 1021 2781 uon
1045 2718 1133 2803 lege3
1157 2719 1286 2793 deinde,
1312 2717 1385 2803 quia
1404 2721 1452 2782 sie
1473 2740 1549 2802 pro·

222 2810 359 2875 vinciam
382 2812 540 2875 Murenae
567 2811 723 2876 nominari
747 2810 908 2893 oportuit,
944 2821 978 2872 ιιι
1006 2811 1140 2894 Sulpicii
1168 2812 1348 2875 nominatur
1374 2812 1548 2877 Ostiensis.

222 2906 442 2988 reponendum
469 2904 608 2969 lortasse
638 2906 764 2980 lamia,
799 2927 881 2989 quae
914 2926 1042 2968 murnera
1070 2906 1199 2970 luerunt
1229 2906 1343 2991 legatis
1371 2920 1549 2969 exterarum

223 2998 385 3063 nationum
409 2999 477 3062 dari
498 2999 611 3074 solita,
637 3012 667 3063 ιι
690 3002 728 3063 ad
750 3012 938 3083 quaestores
962 3021 998 3062 ea
1020 3022 1096 3062 cura
1119 3000 1294 3082 pertinuit:
1318 3000 1392 3063 huic
1414 3021 1478 3085 ege
1503 3010 1549 3062 ta·

224 3113 295 3157 men
326 3092 546 3170 coniecturae,
588 3093 648 3158 nisi
681 3094 929 3177 suffragantibus
968 3095 1105 3180 antiquis
1138 3095 1243 3187 libris,
1284 3115 1348 3158 non
1381 3093 1549 3158 assentior.

224 3188 419 3252 Masurius.
465 3190 541 3252 Non
562 3191 660 3253 credo
691 3211 707 3251 a
737 3188 869 3251 consule
892 3188 999 3273 aliquo
1022 3190 1115 3252 latam
1139 3211 1207 3252 esse
1232 3189 1319 3251 illam
1343 3189 1465 3272 legem,
1497 3188 1551 3250 sed

224 3281 336 3367 potius
368 3301 385 3344 a
416 3284 552 3364 quodam
578 3282 708 3345 tribuno
736 3282 856 3364 piebis,
894 3294 926 3345 ιιι
956 3283 1091 3347 Gabinia
1124 3285 1196 3367 lege
1232 3283 1349 3345 bellum
1386 3281 1550 3365 piraticum

225 3373 404 3457 Pompeio,
428 3373 559 3438 Vatinia
581 3376 666 3440 lulio
683 3374 816 3441 Caesari
833 3376 957 3452 Gallia,
982 3376 1097 3440 Clodia
1121 3375 1256 3441 Rabirio
1273 3375 1366 3457 Syria
1388 3375 1448 3440 luit
1470 3377 1550 3438 data.

227 3469 426 3551 Quaestores
452 3490 553 3553 aeque
579 3480 613 3532 ut
637 3470 847 3552 proconsules
878 3482 929 3532 aut
954 3484 1204 3553 propraetores,
1241 3492 1312 3534 curn
1342 3469 1421 3534 lacti
1450 3479 1552 3533 essent

226 3563 363 3628 comitiis
391 3561 549 3637 tributis,¹
569 3584 609 3625 ex
632 3564 667 3627 S.
691 3561 732 3627 C.
756 3565 976 3627 sortiebantur
997 3564 1198 3646 provincias,
1230 3576 1302 3640 siit,
1332 3564 1359 3627 si
1388 3584 1462 3628 sors
1490 3582 1550 3626 non

228 3660 474 3732 observaretur,
509 3667 600 3719 extra
628 3657 772 3721 ordinem
801 3659 872 3741 lege
903 3660 1023 3743 aliqua,
1058 3661 1091 3721 id
1119 3672 1182 3735 est,
1217 3657 1389 3742 plebiscito
1419 3678 1473 3720 eas
1493 3656 1551 3719 sibi

226 3754 400 3836 parabant,
434 3762 468 3814 ut
495 3752 603 3815 doeiiit
630 3752 780 3837 Sigonius
810 3753 876 3817 ltt.
907 3753 1067 3817 Provinc.
1091 3775 1163 3835 cap.
1190 3756 1221 3816 1.
1250 3765 1281 3816 et
1307 3752 1340 3814 id
1367 3752 1487 3833 probat
1514 3770 1553 3811 ex

228 3848 278 3913 11.
301 3845 448 3929 Philipp.
491 3848 682 3930 Quaestor,
714 3847 834 3930 inquit,
865 3846 1063 3940 ajectam,
1096 3848 1218 3910 deinde
1239 3846 1404 3910 continuo
1425 3846 1497 3909 sins
1518 3846 1553 3907 S.

228 3944 284 4018 G.,
321 3941 395 4006 sine
417 3952 530 4017 sorte,
568 3943 643 4005 sine
664 3945 738 4026 lege
760 3944 807 4006 ad
827 3946 1012 4009 Caesarem
1033 3944 1236 4008 cucurristi.
1271 3956 1302 4006 et
1332 3962 1374 4004 ex
1400 3942 1496 4023 epist.
1520 3940 1556 4001 ad

230 4035 373 4102 Atticum
394 4036 430 4111 6,
455 4036 494 4098 o:
531 4037 715 4120 Pompeius
737 4041 779 4120 Q.
797 4039 956 4103 Cassium
970 4052 1189 4123 quaestorem
1207 4039 1281 4101 sine
1301 4049 1395 4101 sorte
1413 4037 1556 4120 ‹lelegit,

230 4134 359 4197 cassas·
375 4130 583 4205 Antonium,
607 4154 674 4215 ego
697 4131 852 4196 Caelium
866 4145 959 4196 sorte
981 4133 1102 4195 dotum
1119 4130 1343 4221 offenderem.
1386 4130 1440 4195 De
1463 4128 1557 4192 variis

230 4225 354 4310 legibus
375 4225 468 4291 Titiis
489 4226 584 4289 nutrita
604 4226 729 4309 quidem
751 4227 873 4290 Anton.
891 4227 1092 4312 Augustinus
1112 4229 1149 4290 tie
1165 4225 1309 4311 Legibus
1325 4236 1357 4289 ιι
1373 4224 1433 4289 Fr.
1450 4224 1557 4288 Hoto-

231 4340 358 4396 manus,
388 4341 446 4384 nec
466 4341 531 4384 non
558 4320 687 4384 Frider.
711 4321 920 4409 llrrrmmerus
947 4325 984 4384 ad
1007 4322 1110 4406 legem
1136 4319 1297 4396 Cinciam,
1322 4341 1395 4401 cap.
1421 4321 1452 4383 t.
1497 4317 1557 4382 Sei

231 4414 371 4490 dehac,
395 4414 485 4478 cuius
506 4414 558 4477 laic
578 4415 614 4478 fit
636 4413 770 4491 mentio,
796 4415 872 4478 nihil
895 4428 1098 4480 annotarunt.
1143 4416 1268 4478 Verum
1288 4415 1400 4495 Steph.
1423 4410 1556 4497 Pigltius

231 4504 263 4567 in
286 4506 376 4571 isatis
399 4509 552 4573 Romanis
575 4513 614 4572 ad
636 4531 750 4572 anniam
775 4510 847 4574 488.
871 4509 1031 4573 existimat
1052 4514 1091 4574 C.
1116 4510 1249 4572 Titium
1276 4508 1435 4571 tribunum
1457 4505 1556 4591 plebis

231 4598 289 4662 ille
311 4620 395 4664 anno
417 4600 519 4689 legem
543 4604 652 4669 tulisse
676 4608 714 4668 de
737 4616 940 4689 quaestorum
961 4623 1094 4667 ιιιιιιιιιο
1118 4604 1311 4685 duplicando
1334 4612 1366 4664 et
1381 4599 1557 4683 provinciis

234 4694 423 4778 quaestoriis
452 4697 606 4782 augendis
634 4698 867 4784 sortiendisque
897 4720 936 4761 ex
965 4698 1000 4761 S.
1024 4696 1066 4763 C.
1100 4698 1193 4760 Hanc
1223 4717 1292 4761 esse
1321 4694 1407 4759 illam
1439 4694 1556 4781 legen,

234 4806 327 4872 quam
350 4786 402 4851 laic
422 4786 541 4854 Cicero
565 4790 649 4856 dieat
671 4792 814 4859 Titiam.
858 4792 946 4857 Nihil
967 4792 1068 4856 adhuc
1083 4790 1285 4874 probabilius
1300 4812 1319 4855 a
1333 4812 1498 4876 quoquam
1514 4797 1557 4853 est
