3202 5318
211 288 274 355 ιιι
406 374 411 381 ,
667 278 842 347 ιιιιιιιι
863 280 1044 363 uranu.

210 427 351 494 minister
380 424 542 509 potentiae
571 424 675 508 legem
705 422 796 499 tulit,
830 434 869 487 ιιι
897 423 1021 487 bellum
1056 422 1333 488 Mithridaticum
1363 447 1430 507 per
1466 430 1530 493 Cn.

208 523 409 606 Pompeium
435 518 752 584 administraretur.
756 516 774 541 ''
818 516 938 582 Vellei.
967 517 1014 581 ll.
1044 516 1102 593 33,
1133 521 1164 580 1.
1197 553 1237 564 -
1272 522 1336 599 „.G
1360 520 1532 584 Manilius

208 616 354 679 tribunus
375 613 476 695 plebis
498 633 612 697 magna
635 611 849 695 indignatione
871 609 1045 676 nobilitatis
1070 611 1173 695 legem
1198 610 1285 686 tulit,
1309 625 1348 677 ut
1348 614 1533 721 'Pompeio

208 707 488 775 Mithridaticum
507 707 632 770 bellum
652 703 909 769 mandaretur
939 704 1017 768 Liv.
1041 704 1132 786 Epit.
1156 703 1261 771 C.—
1285 701 1355 771 1
1313 731 1416 796 ραφιι
1431 704 1533 794 νόμον

209 796 253 881 εἷς
286 803 358 867 τῶν
382 796 573 888 δημάρχων,
606 800 834 876 Μανίλιος,
873 788 953 878 ὅσης
981 792 1243 875 Λιὺκουλλος”
1220 823 1311 885 αρχιι
1336 797 1448 889 χώρας
1477 807 1533 868 καὶ

207 891 373 980 δυνάμεως
388 889 564 979 Πομπήιον
578 888 820 1011 παραλαβόντα
834 893 961 967 πᾶσαν,
983 886 1265 979 προςλαβὸνταὸὲ
1280 898 1336 961 καὶ
1350 895 1535 973 Βιθυνίαν,

207 992 360 1075 πολεμεῖν
375 982 576 1081 Μιθριδάτῃ
598 993 654 1055 καὶ
673 980 825 1095 Τιγράνῃ
840 991 908 1064 τοῖς
929 984 1178 1070 βασιλεῦσιν,
1160 1009 1275 1101 ιχοντα
1298 992 1353 1054 καὶ
1375 984 1434 1068 τὴν
1453 1012 1534 1056 ναν-

207 1079 300 1163 τιιιὴν
328 1077 466 1167 δύναμιν
494 1087 549 1149 καὶ
580 1076 617 1147 τὸ
642 1074 764 1168 κράτος
786 1079 843 1160 τῆς
864 1074 1081 1161 θαλάσσης
1066 1074 1115 1171 αρ’
1147 1072 1197 1158 οἷς
1225 1080 1340 1165 ἔλαβεν
1363 1076 1441 1162 ἐξ’
1422 1082 1533 1188 αρχῆς.

207 1176 374 1243 Plutarch.
398 1174 547 1259 Pompei.
569 1174 685 1239 30.-
713 1169 779 1238 Τὸν
802 1198 858 1240 τοο
886 1169 1051 1281 Τιγράνου
1073 1179 1129 1239 καὶ
1150 1171 1208 1240 τὸν
1231 1198 1287 1241 τοο
1310 1170 1533 1262 Μιθριδάτου

206 1264 365 1355 πόλεμον,
389 1265 446 1351 τήν
468 1293 501 1335 τε
524 1268 695 1349 Biduum
710 1272 765 1330 καὶ
780 1263 837 1347 τὴν
852 1257 1044 1334 Κιλικίαν“
1021 1293 1091 1352 αμα
1107 1262 1210 1354 ἀρχὴν
1226 1265 1314 1360 aurp
1300 1269 1533 1358 προσέταξεν.

206 1362 273 1482 Dio
297 1362 392 1431 Cass.
413 1361 583 1428 XXXVI.
608 1362 660 1426 95.
693 1359 792 1429 Conl.
815 1361 956 1444 Appias.
981 1361 1067 1425 Bell.
1091 1360 1244 1425 Mithrid.
1269 1385 1299 1426 c.
1322 1364 1376 1427 9l.

235 1459 385 1523 'Hanc
404 1457 508 1541 legem
529 1456 627 1521 suasit
649 1453 766 1521 Cicero
790 1476 826 1518 ea
850 1454 1014 1529 oratione,
1039 1476 1121 1539 quae
1144 1456 1244 1537 volgo
1263 1479 1331 1538 pro
1354 1459 1429 1544 lege
1452 1462 1532 1524 Ma-

206 1550 292 1615 nilia
313 1549 512 1625 inscribitur,
538 1572 669 1632 eamque
691 1549 723 1612 in
745 1548 854 1632 primis
878 1549 1050 1623 illustrant,
1076 1571 1157 1632 qliae
1184 1552 1227 1615 R.
1253 1549 1438 1615 Klotzius
1429 1573 1461 1616 ua
1483 1575 1533 1616 ar-

126 1658 129 1663 ·
207 1658 360 1731 gumeuto
385 1644 537 1711 orationis
567 1645 609 1708 de
637 1643 784 1728 imperio
813 1647 876 1710 Cn.
905 1643 1046 1728 Pompei
1067 1642 1128 1724 (sie
1151 1644 1232 1707 enirn
1254 1643 1301 1709 illi
1324 1650 1474 1727 vocatur)
1502 1657 1533 1711 et

206 1736 238 1802 in
259 1738 469 1805 enarrationis
490 1736 649 1823 principio
672 1737 835 1819 exposuit.

507 1898 666 1963 Maurus
691 1898 732 1960 de
753 1896 1009 1994 siff-agiomm
1030 1895 1249 1986 conflacione.

293 2018 550 2096 π(Ῑοιιῐιιιὶοιιιιι
563 2019 790 2105 suffragiorum
800 2017 971 2103 flagitasti,
986 2020 1248 2104 prorogationem
1262 2020 1341 2105 legis
1352 2023 1535 2102 Maniliae,

208 2115 430 2200 aequationem
453 2114 593 2201 gratiae,
616 2112 795 2199 dignitatis,
821 2113 1084 2199 suffragiortuu.”
1108 2136 1169 2194 pro
1191 2116 1329 2179 Murena
1353 2116 1411 2187 93.
1435 2119 1490 2181 17.

293 2210 384 2275 Haec
403 2221 451 2274 est
469 2212 596 2282 eadem,
622 2229 702 2293 quae
721 2206 751 2272 in
777 2207 966 2274 Corneliana
994 2206 1107 2270 dicitur
1128 2207 1170 2271 de
1191 2209 1430 2275 libertinorum
1453 2211 1534 2303 sus-

195 2301 354 2398 srngiis.
399 2304 447 2367 Ea
479 2301 560 2367 enim
592 2302 679 2387 lege,
716 2300 803 2364 cuiuis
832 2301 860 2365 ei
889 2314 1049 2366 annotarem
1077 2300 1261 2366 Cornelium
1286 2302 1383 2368 luisse
1411 2304 1534 2368 dicebat

207 2411 392 2471 acettsator,
427 2398 579 2461 sancitum
605 2409 669 2470 est,
707 2408 739 2458 nt
765 2393 955 2459 libertinis
945 2416 977 2458 an
1003 2394 1148 2460 omnibus
1178 2396 1325 2462 tribubus
1346 2396 1534 2481 suffragium

210 2504 309 2567 esset,
335 2504 369 2555 ut
392 2489 586 2557 Asconius
577 2512 607 2554 ua
631 2490 841 2554 Milonianam
866 2489 1018 2570 prodidit.
1063 2490 1147 2553 Ante
1168 2491 1249 2553 enim
1271 2490 1409 2555 libertini
1425 2513 1534 2557 omues

207 2587 238 2650 in
262 2587 409 2651 tribubus
439 2598 591 2669 quattuor
614 2585 743 2648 urbanis
766 2583 916 2668 suffragia
941 2583 1147 2658 serebant,
1140 2607 1170 2646 tn
1200 2607 1280 2670 qiias
1313 2608 1382 2648 oum
1409 2586 1534 2670 reliqua

206 2682 296 2745 faece
318 2680 451 2745 coniecti
472 2693 562 2742 eraut
586 2700 602 2740 a
624 2700 757 2741 censore
780 2679 901 2751 Fabio,
924 2678 980 2762 qsti
1007 2681 1070 2742 hoc
1092 2678 1212 2741 salubri
1235 2679 1378 2744 instituto
1397 2681 1536 2745 Maximi

209 2795 390 2861 cognomen
418 2774 541 2837 meruit.
577 2772 661 2837 Eun.
707 2775 817 2836 Locus
844 2783 892 2834 est
917 2773 1069 2835 hactenus
1094 2776 1321 2853 perobscuuts.
1367 2774 1465 2854 Qttod
1494 2776 1537 2837 ait

211 2867 414 2934 Camerarius
437 2870 476 2931 de
501 2867 593 2933 novis
621 2865 799 2930 hominibus
822 2865 1068 2945 promovendis:
1091 2867 1124 2929 id
1145 2880 1255 2948 aptare
1278 2868 1351 2931 buin
1373 2868 1447 2931 loco
1469 2881 1536 2931 stu-

208 2960 275 3025 duit
306 2961 488 3046 Pagauiuus
515 2960 711 3024 Gaudentius
741 2960 841 3024 lurid.
872 2959 1022 3038 Exposit.
1051 2961 1078 3022 Ι.
1104 2961 1156 3024 95.
1202 2961 1302 3025 Forte
1330 2963 1409 3025 idem
1438 2964 1535 3026 sensit

210 3055 405 3129 Lambinus,
440 3053 494 3140 qui
523 3055 685 3121 Mamilia
711 3054 878 3137 legendum
905 3056 1053 3134 putabat:
1086 3053 1119 3116 id
1148 3055 1228 3117 enim
1262 3056 1291 3119 ei
1323 3056 1387 3141 tegi
1420 3079 1535 3122 uomen

209 3161 258 3212 est
282 3151 365 3230 apud
387 3149 506 3212 Salust.
532 3149 606 3233 lug.
630 3148 689 3224 55,
715 3148 747 3211 5.
772 3147 845 3210 lieet
864 3146 1050 3213 Manilium
1072 3147 1204 3211 ibicum
1226 3149 1295 3213 aliis
1316 3151 1428 3235 legerit
1448 3154 1536 3217 Gau-

209 3242 342 3308 dentius.
386 3244 449 3305 Sed
477 3242 591 3303 nullam
618 3263 653 3304 ea
683 3244 721 3304 dc
744 3262 779 3303 re
801 3242 994 3303 sanctionem
1020 3263 1166 3324 nmquam
1192 3242 1309 3317 luisse,
1344 3258 1432 3309 recte
1456 3246 1534 3308 iam-

210 3334 332 3419 pridem
356 3338 434 3399 Αοι.
459 3334 655 3419 Augustinus
679 3336 885 3399 existimarat.
931 3337 1037 3399 Error
1056 3357 1096 3398 ex
1117 3338 1196 3399 male
1214 3336 1376 3401 intellecto
1392 3339 1533 3402 Salustio

139 3488 145 3499 .
210 3429 382 3513 profluxit,
420 3450 512 3513 quem
535 3448 599 3490 nou
627 3428 686 3491 alia
714 3431 752 3493 de
776 3429 847 3513 lege
876 3428 967 3512 loqui
997 3449 1036 3492 eo
1061 3430 1152 3504 loen,
1188 3451 1281 3514 quiam
1313 3434 1353 3495 de
1383 3454 1443 3516 qua
1473 3433 1533 3495 iam

209 3521 334 3587 dixerat
356 3522 414 3598 10,
440 3522 526 3585 1.1.
560 3522 629 3585 lucc
659 3521 773 3585 clarius
800 3535 864 3598 est,
899 3536 929 3586 et
960 3534 1150 3587 inaruerunt
1178 3523 1293 3587 Rivius
1322 3536 1353 3586 et
1387 3522 1534 3591 Curtius.

211 3616 414 3685 Probabilius
442 3616 505 3679 hnc
534 3617 670 3678 advocat
699 3617 728 3679 in
764 3619 889 3702 Legum
923 3616 1031 3681 Indice
1062 3639 1200 3681 summus
1234 3617 1401 3682 Ernestins
1433 3621 1534 3705 legem

208 3711 294 3777 illam
323 3714 362 3776 G.
393 3709 537 3777 Manilii
563 3706 682 3772 tribuni
710 3710 833 3792 plebis,
868 3723 906 3774 ιιι
931 3710 1098 3774 libertinis
1129 3711 1164 3774 iu
1192 3712 1350 3775 omnibus
1378 3713 1535 3777 tribulans

208 3817 297 3873 esset
318 3802 552 3895 suffugium:
574 3803 666 3887 eique
691 3805 865 3867 adsentitur
888 3803 940 3869 Cl.
964 3805 1100 3868 Baebius
1124 3807 1210 3869 Hist.
1231 3805 1300 3870 lur.
1326 3807 1372 3871 ll.
1399 3806 1431 3870 9.
1455 3818 1533 3870 ιιιι.

210 3902 241 3964 1.
265 3901 294 3977 §.
315 3899 369 3963 80.
415 3899 556 3971 Verum,
589 3896 615 3960 si
642 3899 789 3962 conseras
812 3920 892 3982 quae
924 3900 1074 3961 babemus
1101 3900 1141 3961 de
1171 3901 1229 3962 bac
1255 3901 1327 3986 lege
1354 3899 1535 3964 testimonia

209 3990 378 4061 Ciceronis
399 4013 461 4077 pro
485 3989 526 4057 C.
550 3989 723 4068 Cornelio,
750 3991 883 4055 Asconii
906 3994 946 4054 ad
969 3988 1042 4057 cie.
1065 3990 1143 4057 ibid.
1164 4005 1195 4054 et
1217 3997 1256 4056 ad
1278 4017 1307 4057 c.
1332 3998 1361 4060 8.
1386 4016 1448 4077 pro
1465 3997 1534 4061 Mi·

209 4087 302 4163 lone,
327 4086 441 4151 Dionis
465 4084 601 4167 denique
626 4086 682 4148 lib.
706 4086 893 4150 XXXVI-a
917 4107 982 4148 nou
1008 4106 1076 4149 eam
1103 4085 1201 4151 iacies
1228 4086 1373 4151 iniuriam
1398 4090 1533 4163 Servio,

208 4193 242 4244 ut
270 4182 373 4267 legem
399 4178 448 4243 rei
476 4178 621 4261 publicae
645 4178 962 4262 perniciosissimam,
994 4192 1026 4242 et
1058 4180 1181 4244 nonnisi
1213 4203 1271 4263 per
1300 4182 1362 4245 vim
1392 4194 1447 4245 aut
1477 4205 1536 4265 per

207 4274 321 4357 papuli
347 4284 454 4357 partes
483 4275 702 4357 praevalentes
736 4275 829 4350 olim,
861 4284 970 4339 senatu
993 4276 1131 4337 adverso
1154 4287 1185 4338 ct
1212 4286 1325 4339 contra
1351 4278 1534 4352 obnitente,

210 4364 304 4428 latam
327 4368 441 4431 relerri
466 4368 617 4432 voluerit.
663 4368 760 4448 Quod
782 4389 849 4431 earu
872 4368 913 4432 P.
939 4367 1114 4450 Sulpicius,
1140 4367 1195 4451 qui
1215 4369 1321 4433 Sullae
1347 4392 1469 4453 poenas
1489 4384 1535 4435 ιι-

210 4459 361 4522 meritatis
383 4459 483 4536 dedit,
509 4460 636 4545 gentilis
659 4460 781 4539 Servii,
806 4472 896 4524 antea
920 4461 1044 4539 tulerit,
1069 4459 1158 4523 uibili
1180 4475 1240 4525 est.
1285 4465 1359 4528 Non
1376 4476 1535 4545 putatam

208 4551 419 4632 impudentem
444 4554 542 4619 brisso
569 4554 734 4629 Serrium,
768 4566 804 4619 ut
827 4554 859 4618 in
880 4568 990 4619 senatu
1011 4556 1090 4617 baec
1112 4556 1308 4635 postularet,
1342 4578 1447 4642 neque
1473 4568 1536 4621 tam

207 4642 334 4729 perdite
361 4648 568 4729 popularem,
593 4661 626 4713 ut
648 4649 869 4716 libertinorum
890 4648 1043 4733 gratiam,
1067 4652 1251 4726 commoda,
1277 4650 1461 4735 dignitatem
1479 4674 1535 4714 au·

211 4757 289 4824 gere
310 4739 464 4803 studeret.
509 4742 662 4807 Severum
677 4742 836 4808 bominem
858 4753 952 4831 atque
972 4741 1159 4825 prudentem
1177 4742 1302 4824 omnia,
1326 4766 1408 4836 quse
1423 4746 1462 4810 de
1478 4745 1535 4815 illa
