3202 5318
557 296 915 399 1unnnnnuuu.
1336 302 1398 369 111

63 461 130 525 pro
154 437 284 506 Cluent.
307 439 368 516 55,
393 439 468 504 151.
491 475 532 486 -
555 437 634 521 „llll
655 460 721 504 nou
738 440 803 503 buc
824 442 1029 517 recusabant,
1052 463 1090 506 ea
1111 463 1150 508 ne
1173 443 1400 531 1131111111-

63 545 196 611 rentur,
220 553 283 617 qua
305 554 390 596 nnnc
412 533 529 599 Avitus
551 545 738 610 accusatur,
769 545 950 617 quaestunc
972 548 1041 600 erat
1062 536 1283 621 Sempronia,
1315 557 1400 601 nuuc

64 627 307 710 estCornelia:
332 626 550 712 intelligebant
566 628 647 692 enim
670 649 707 691 ea
728 627 804 713 lege
825 640 1005 712 equestrem
1027 630 1172 696 ordinem
1195 652 1260 696 non
1283 631 1397 711 teneri,

63 724 124 789 scd
143 742 184 786 ne
205 742 290 785 nova
312 720 383 807 lege
407 720 629 808 alligarentur,
652 722 878 786 laborabant.”
911 743 975 807 pro
999 721 1130 790 Cluent.
1153 724 1215 801 56,
1240 726 1313 790 151.

150 817 244 881 Haec
269 816 323 903 lex
351 826 447 898 caput
475 814 583 899 potius
612 815 693 902 legis
720 814 849 879 videtur
870 814 968 881 lusisse
993 816 1102 883 similis
1130 816 1159 883 ei
1183 818 1270 903 legi,
1304 840 1399 923 11111

63 922 180 999 postea
209 911 258 975 1..
280 908 454 991 Cornelius
482 910 570 974 Sulla
599 910 642 975 de
668 909 807 975 11111111
829 919 864 973 st
884 908 1047 991 oeanneis
1067 910 1153 979 tulit.
1199 911 1400 981 conferam

62 1004 167 1091 igitur
190 997 368 1071 Conuenm
390 1003 530 1068 eiusdem
551 1002 747 1089 argumenti.

236 1223 434 1287 Semnonum
455 1221 498 1287 ds
514 1219 705 1306 provinciis
725 1221 978 1293 cumularibua.

151 1382 230 1465 „Tu
250 1379 434 1466 provincias
462 1382 667 1460 consulares,
698 1400 777 1468 quas
795 1382 835 1447 C.
858 1380 1052 1459 Gracchus,
1083 1380 1140 1469 qui
1159 1403 1241 1449 unus
1260 1376 1399 1457 maxime

64 1474 236 1562 popularis
253 1475 333 1552 luit,
357 1496 420 1541 non
443 1478 540 1540 modo
563 1498 628 1539 non
649 1474 778 1540 abstulit
799 1496 818 1538 a
842 1486 969 1553 senatu,
995 1474 1188 1567 sedetiam,
1210 1489 1400 1545 1111111111

65 1583 153 1637 esset
172 1570 339 1657 quotannis
355 1569 506 1634 constitui
520 1591 579 1655 per
591 1583 752 1648 senatum,
777 1573 850 1657 lege
865 1571 985 1634 sanxita
1010 1590 1080 1649 eas,
1104 1572 1178 1657 lege
1192 1574 1400 1661 Sempronio

64 1675 294 1748 personatum
322 1666 484 1742 decretas,
518 1663 692 1744 rescidisti,
725 1676 816 1730 extra
842 1663 987 1731 ordinem
1013 1664 1080 1729 sine
1102 1676 1193 1731 sorte
1215 1665 1399 1735 nominatim

63 1758 181 1827 dedisti
201 1779 264 1824 uon
288 1757 473 1823 consulibus
496 1761 551 1822 sed
573 1759 620 1822 rei
642 1758 790 1842 publicae
813 1757 991 1843 pestibus.”
1024 1780 1087 1842 pro
1109 1762 1207 1826 domo
1229 1759 1268 1841 9,
1291 1761 1346 1827 tt.

149 1854 263 1929 ,Idem
285 1856 464 1934 (senatus),
488 1852 519 1916 in
543 1853 697 1939 angustiis
719 1853 851 1929 aerarii,
875 1853 1033 1918 victorem
1048 1853 1224 1925 exercitum
1239 1855 1399 1941 stipendio
1495 1901 1502 1923 .

62 1947 191 2027 affecit,
214 1946 400 2032 impetatori
416 1944 472 2028 (C.
490 1944 635 2028 Caesari)
650 1951 758 2013 decem
774 1949 900 2033 legatos
917 1946 1080 2027 decrevit,
1105 1949 1178 2034 lege
1192 1950 1401 2037 Sempronia

59 2045 295 2109 succedendum
317 2064 382 2107 non
405 2041 562 2106 censuit.”
595 2064 655 2126 pro
679 2044 786 2109 Balbo
809 2044 869 2120 27,
895 2043 976 2106 61(
1295 2109 1298 2115 ,

149 2139 220 2213 ,Et
240 2136 427 2221 stipendium
452 2134 585 2202 Caesari
607 2140 768 2202 decretum
792 2150 839 2202 est
862 2149 893 2202 et
915 2141 1025 2202 decem
1047 2136 1165 2221 legati,
1189 2150 1239 2215 et,
1263 2158 1302 2205 ue
1324 2138 1399 2227 lege

63 2233 273 2322 Sempronia
292 2234 537 2310 succederetur,
560 2233 654 2297 laoile
674 2231 854 2317 perlectum
879 2232 958 2298 est.''
992 2235 1033 2297 ad
1054 2234 1148 2298 Fam.
1172 2234 1202 2297 1.
1229 2236 1266 2311 7,
1292 2235 1344 2298 10.

147 2328 336 2409 ,Quattuor
357 2338 431 2389 sunt
453 2326 656 2409 provinciae,
681 2329 723 2391 P.
746 2325 807 2404 C.,
832 2329 870 2399 de
894 2325 1008 2411 quibus
1030 2328 1134 2395 adbuc
1154 2325 1301 2413 intelligo
1327 2348 1400 2392 seu·

63 2422 181 2488 tentiae
196 2441 266 2485 esse
281 2420 393 2486 dictas.
406 2455 449 2466 -
462 2456 503 2467 -
521 2420 754 2499 Decernendae
770 2420 863 2485 nobis
877 2431 951 2485 sunt
965 2422 1039 2506 lege
1054 2420 1261 2508 Sempronia
1280 2420 1397 2487 duae.''

65 2520 105 2581 de
127 2514 285 2583 Provinc.
308 2536 398 2579 cons.
423 2514 460 2592 2,
485 2515 516 2580 d.

150 2612 268 2697 „Lege
296 2613 502 2696 Sempronio
533 2609 722 2695 provinciae
755 2609 873 2674 suturis
904 2606 1092 2674 consulibus
1123 2609 1273 2676 Numidia
1302 2622 1399 2699 atque

63 2705 158 2773 Italia
182 2706 364 2770 decretae.’'
408 2706 526 2770 Salust.
550 2706 623 2791 lug.
646 2705 704 2781 tt,
728 2704 760 2768 d.
1219 2727 1224 2738 ·

149 2800 205 2864 Ex
227 2801 287 2885 bap
307 2801 378 2886 lege
396 2799 568 2887 quotannis
592 2822 610 2863 a
632 2811 743 2863 senatu
765 2812 838 2864 ante
853 2798 982 2866 comitia
999 2798 1179 2864 consularia
1195 2797 1399 2887 designandis

63 2894 251 2959 consulibus
280 2895 465 2978 provinciae
499 2897 751 2958 decernebantur
781 2898 862 2959 duae
889 2916 930 2958 ex
961 2893 1046 2958 omni
1077 2914 1211 2958 numero
1241 2894 1396 2973 selectae,

64 3011 148 3075 quac
171 3001 345 3074 propterea
366 2993 566 3055 consulares
585 2989 686 3052 dictae
701 3002 787 3054 sunt.
832 2989 1087 3075 Relinquebatur
1104 3001 1206 3052 autem
1230 2988 1397 3053 consulum

64 3082 221 3160 arbitrio,
253 3097 287 3147 nt
316 3107 368 3149 eas
393 3084 577 3168 provincias
607 3096 831 3167 compararent
857 3084 939 3148 inter
961 3105 995 3148 se
1018 3095 1071 3148 ant
1093 3094 1181 3148 sorte
1205 3082 1396 3161 dividerent,

65 3189 240 3263 postquam
262 3191 389 3243 senatus
413 3178 588 3242 exercitum
611 3178 735 3264 aliaque
758 3178 846 3242 utilia
868 3178 929 3242 illis
952 3178 1159 3244 decrevisset.
1204 3176 1286 3242 vid.
1310 3176 1398 3244 Cor·

65 3273 129 3337 tius
160 3275 199 3336 ad
222 3274 341 3337 Salust.
371 3274 395 3336 l.
424 3274 447 3336 l.
479 3285 509 3336 et
532 3274 576 3338 A.
600 3273 739 3337 Wittich
766 3273 798 3337 in
831 3273 1098 3338 commentatione
1121 3276 1160 3338 de
1181 3271 1229 3335 rei
1251 3272 1399 3355 publicae

66 3369 235 3433 Romanae
252 3389 286 3432 ea
303 3368 425 3446 lorma,
451 3390 514 3454 qua
531 3367 619 3432 Sulla
637 3378 735 3432 totam
753 3389 819 3431 rem
836 3371 1012 3433 Romanam
1029 3367 1252 3446 commutavit,
1267 3389 1304 3453 p.
1322 3368 1397 3434 176.

237 3584 432 3649 Summum
454 3585 496 3648 de
513 3584 695 3669 prouincia
715 3584 815 3650 Asia.

153 3741 269 3825 „luter
286 3743 423 3807 Siciliam
439 3756 626 3829 ceterasque
641 3742 845 3827 provincias,
868 3742 1003 3821 iudices,
1026 3744 1057 3807 in
1079 3765 1232 3829 agrorum
1255 3745 1397 3830 vectiga-

63 3837 142 3910 lium
165 3836 290 3902 ratione
314 3841 376 3902 hoc
399 3837 549 3914 interest,
574 3841 662 3923 quod
680 3836 792 3900 ceteris
815 3847 869 3899 aut
892 3836 1074 3919 impositum
1099 3840 1235 3925 vectigal
1261 3850 1399 3903 111111-

64 3944 153 4009 tum,
181 3934 269 4017 quod
291 3933 527 4016 stipendiarium
551 3933 683 4008 dicitur,
716 3942 750 3994 ut
775 3928 929 4016 Hispanis
956 3943 987 3994 et
1011 3931 1172 4017 plerisque
1195 3933 1396 4010 Poenorum,

65 4025 159 4112 quasi
181 4026 339 4091 victoriae
360 4027 530 4111 praemium
553 4049 590 4089 ac
612 4047 715 4108 poena
737 4026 833 4108 belli,
858 4040 910 4092 ant
930 4024 1074 4089 censoria
1090 4024 1209 4090 locatio
1227 4023 1399 4091 constituta

66 4133 134 4199 est,
169 4132 205 4184 ut
230 4122 346 4198 Asiae,
379 4121 451 4207 lege
474 4121 712 4206 Semprouin.''
755 4123 854 4191 Verr.
883 4121 938 4185 lib.
968 4117 1036 4182 111.
1067 4118 1103 4193 6,
1133 4117 1188 4181 12.
1233 4115 1335 4183 Conl.
1358 4120 1398 4183 ad

67 4215 333 4292 Atr.1.1t,9.

152 4309 324 4374 Ernestins
351 4311 384 4375 in
414 4310 523 4375 Indice
554 4313 680 4395 Legum
706 4314 786 4377 baec
813 4314 912 4376 verba
939 4311 978 4372 ad
1008 4305 1230 4391 Semproniam
1253 4307 1295 4372 de
1315 4330 1397 4393 pro·

66 4402 189 4468 vinciis
210 4407 451 4470 consularibus
473 4407 591 4483 relert,
616 4429 685 4471 cum
704 4410 907 4474 Hotomanus
929 4425 1042 4488 parum
1064 4400 1275 4486 probabiliter
1292 4403 1397 4490 legem

68 4498 204 4563 Tiberii
227 4500 367 4564 Gracchi
389 4500 623 4586 intelligendam
642 4525 711 4567 1111
729 4504 875 4579 dixisset,
899 4511 934 4563 ut
949 4498 987 4561 iis
1003 4498 1058 4584 qni
1074 4518 1186 4582 agrum
1202 4496 1395 4581 acciperent,

67 4590 201 4675 pecarnia
226 4614 307 4678 quae
334 4594 422 4678 regis
446 4595 545 4657 Attali
574 4595 702 4675 luisset,
738 4597 946 4660 divideretur.
978 4629 1018 4640 -
1053 4590 1204 4658 Ceterum
1237 4591 1345 4658 Asiam
1375 4616 1394 4661 a

68 4685 248 4769 publicanis
264 4710 374 4750 rursus
390 4688 539 4752 liberavit
555 4689 675 4756 Caesar
691 4689 901 4775 vectigalibus
919 4689 950 4752 in
966 4686 1076 4751 tributi
1092 4686 1227 4751 formam
1244 4687 1395 4755 redactis.
1523 4724 1535 4751 ο

70 4779 150 4847 Vid.
174 4779 242 4847 Dio
265 4778 395 4847 Cassius
417 4784 534 4848 XLII.
558 4786 590 4850 6.
634 4785 777 4871 Appias.
800 4788 839 4849 de
861 4783 945 4849 Bell.
969 4780 1067 4848 Civil.
1090 4782 1137 4846 V.
1160 4783 1190 4850 1.
