3202 5318
149 347 191 413 33
739 349 889 416 INDEX

278 495 390 560 Χολὸν
414 495 523 570 διδούς
550 495 807 578 στωμυλμάτων,
833 495 903 559 ἀπὸ
923 498 1061 575 βιβλίων
1090 490 1237 570 ἀπηθῶν·

277 587 346 654 Εἶτ’
369 592 600 676 ἀνέτρεφον
627 596 822 675 μονῳδίαις,
849 592 1107 670 Κηφισοφῶντα
1129 587 1252 670 μιγνύς.

154 680 261 746 Po'e‘ta
287 681 348 745 iata
379 695 450 747 ante
479 684 586 749 Ranae
614 687 814 767 produxerat
842 681 872 745 in
901 702 1046 756 scenam,
1081 685 1138 744 sed
1164 679 1283 745 infelici
1311 698 1481 756 stteessen,

152 774 261 859 itaque
282 797 335 839 eas
357 797 376 839 a
398 799 433 841 se
456 777 532 841 dicit
554 778 730 841 immutatas
753 778 900 853 demptis
922 780 1092 856 (ἴσχνανα)
1107 774 1285 849 nona,ullis
1314 783 1347 836 et
1368 784 1483 837 contra

154 869 222 933 aliis
243 871 374 935 additis
395 874 623 956 (ἀνέτρεφον).
670 874 753 936 Ena.

139 1011 142 1017 -
236 964 367 1047 Ἐξοχῆ,
391 967 607 1031 excellentia.
654 967 815 1046 ,Ἑξοχή
806 988 838 1030 ιιι
861 967 949 1030 nullo
965 977 1032 1029 est:
1056 966 1195 1049 pecunia
1213 965 1353 1031 omnium
1377 964 1482 1053 digni·

109 1106 113 1113 .
152 1059 471 1143 ιιιοιιιιιιιιιιιιιιιι.ν
505 1060 858 1137 nanneticam

235 1154 460 1239 Εξωτερτκός,
484 1157 700 1239 populariter
717 1156 880 1239 scriptus.
928 1154 1003 1229 ,De
1019 1175 1143 1220 summo
1165 1158 1253 1220 bono
1276 1155 1341 1220 duo
1364 1176 1483 1242 genera

154 1245 310 1313 librorum
339 1261 429 1327 sunt,
461 1271 554 1313 ιιιιιιιιι
584 1251 786 1333 populariter
814 1249 985 1332 scripturn,
1017 1253 1161 1333 quodi
1126 1252 1315 1338 ε,ωτερικὸν
1342 1252 1484 1333 appella·

25 1374 33 1395 ι
154 1343 251 1419 breta
273 1344 420 1413 alterum
432 1344 586 1421 limatius,
619 1345 746 1429 quod
737 1367 769 1409 tn
790 1344 1030 1450 eorumeptariis
1052 1344 1287 1428 ιινΙίιιιιοιιιιιι.η
1323 1346 1363 1408 de
1385 1344 1482 1410 Pion.

111 1483 117 1498 .
154 1434 203 1505 V
224 1438 265 1515 6,
291 1439 343 1504 tt.
365 1473 406 1487 -
451 1438 591 1521 ltaque
606 1439 807 1522 cogitabam
832 1438 981 1522 quoniam
1004 1437 1035 1500 in
1056 1438 1190 1522 siugulis
1205 1437 1296 1502 lrbrrs
1313 1449 1391 1504 utor
1404 1460 1482 1522 pro·

133 1514 283 1636 offla,
307 1543 342 1597 ul
359 1530 637 1621 Αριστοτέληςίιι
651 1532 708 1611 iis,
734 1553 817 1619 qttos
832 1533 1038 1651 ἐξωτερικούς
1062 1545 1173 1609 vocat,
1186 1531 1318 1618 aliquid
1339 1533 1482 1611 efficere,

153 1638 191 1691 ut
230 1620 296 1692 ιιὸιι
328 1627 397 1692 sine
434 1648 530 1691 carisa
573 1628 666 1692 istum
707 1629 942 1711 appellarem!
997 1630 1035 1691 ad
1069 1629 1142 1690 Att.
1181 1626 1245 1691 IV.
1278 1629 1341 1703 te,
1378 1629 1411 1691 2.
1442 1659 1483 1674 --

151 1722 364 1809 Ἓξωιέρτκός
390 1722 465 1807 quid
497 1722 555 1798 sit,
590 1725 686 1788 docet
708 1712 752 1787 A'.
778 1722 902 1786 Gellius
924 1723 1026 1787 Nost.
1055 1725 1127 1788 Att
1159 1720 1218 1784 lib.
1250 1721 1303 1784 20.
1333 1742 1409 1805 cap.
1439 1725 1481 1788 6.

155 1815 467 1883 Commentationum
488 1838 617 1880 surarum
643 1817 842 1903 artiumque,
867 1838 946 1901 quas
969 1816 1130 1900 discipulis
1152 1817 1298 1879 tradebat
1320 1816 1485 1882 Aristote-

154 1912 202 1976 les
223 1909 455 1994 philosophus,
487 1910 575 1996 regis
600 1911 777 1976 Alexandri
799 1912 968 1996 magister,
1003 1912 1081 1974 datas
1104 1908 1226 1992 speeies
1257 1911 1410 1979 babuisse
1437 1912 1485 1976 di·

70 2007 75 2031 '
154 2003 261 2069 citur:
296 2005 356 2069 alia
390 2018 502 2081 erant,
537 2026 618 2091 qnae
644 2005 829 2070 nominabat
855 2006 1037 2091 ἐξωτερικά·
1073 2005 1152 2079 alia,
1188 2024 1270 2087 quae
1302 2000 1486 2088 appellabat

92 2166 95 2173 .
155 2102 352 2190 ἅκροαττκά.
405 2103 605 2185 'asarenam
635 2101 843 2176 dicebantur,
879 2121 961 2183 quae
987 2103 1026 2163 ad
1053 2099 1232 2164 rhetoricas
1261 2100 1484 2165 meditationes

153 2193 337 2258 facultatem
361 2194 559 2277 argutiarum
581 2194 786 2279 civiliumque
801 2215 909 2258 rertxm
931 2194 1076 2257 notitiam
1092 2195 1324 2257 conducebant.
1337 2197 1485 2281 ‘same-

157 2289 231 2356 ττκᾶ
261 2299 365 2352 aretem
394 2291 612 2366 vocabantur,
647 2290 680 2352 in
707 2291 825 2374 quibus
852 2287 1055 2370 philosophia
1082 2287 1239 2351 remotior
1269 2286 1485 2372 subtiliorque

156 2383 353 2469 agitabatur,
384 2404 530 2468 quaeque
561 2385 600 2445 ad
628 2394 760 2447 naturae
789 2382 1077 2465 contemplationes
1107 2382 1395 2463 disceptationesve
1418 2381 1484 2445 dia·

154 2476 285 2543 lecticae
305 2477 520 2559 pertinebant.
565 2477 670 2541 Huius
685 2475 887 2560 disciplinae,
912 2499 1006 2562 quam
1028 2475 1094 2538 dixi
1117 2478 1334 2560 ἀκροαιτκῆι,
1359 2487 1485 2561 tempus

159 2573 357 2636 exercendae
379 2573 475 2635 dabat
497 2572 528 2636 in
551 2571 658 2653 Lycio
680 2572 886 2635 matutinum:
915 2592 974 2635 nee
997 2573 1036 2633 ad
1062 2590 1130 2633 eam
1153 2589 1343 2655 quemquam
1366 2581 1484 2635 temere

156 2664 359 2740 admittebat,
394 2664 475 2742 nisi,
507 2685 645 2751 quorum
669 2678 741 2729 ante
764 2666 922 2751 ingenium
939 2677 977 2729 'et
1005 2664 1191 2728 eruditionis
1213 2664 1369 2727 elementa
1391 2677 1485 2749 atque

155 2758 187 2823 in
210 2760 360 2824 discendo
383 2759 518 2824 studium
542 2761 749 2841 laboremque
770 2763 983 2842 explorasset.
1029 2759 1106 2823 Illas
1129 2779 1209 2822 vero
1224 2760 1415 2842 ι’ξωτιρτκάς
1432 2779 1487 2823 au·

158 2851 291 2917 ditiones
314 2853 564 2937 exercitiumque
590 2852 715 2917 dicendi
741 2856 853 2916 eodem
877 2855 908 2914 in
931 2853 1005 2917 loco
1030 2853 1157 2934 uesperi
1177 2851 1334 2926 faciebat3
1369 2872 1486 2938 easque

158 2947 260 3032 volgo
283 2946 451 3010 ittvenibus
474 2948 541 3010 sine
563 2947 688 3011 delectu
710 2949 824 3021 daban
848 2959 945 3030 atque
967 2968 1037 3010 eum
1061 2948 1201 3013 δειλινὸν
1220 2957 1401 3031 περίπατον
1415 2948 1488 3029 (ρο·

158 3040 359 3105 meridianam
383 3041 689 3120 deambulationem)
719 3041 926 3123 appellabat:
965 3041 1053 3105 illum
1076 3043 1209 3107 alterum
1231 3061 1327 3122 supra
1349 3041 1491 3107 labenda
1521 3118 1525 3123 ¹

158 3135 396 3214 (matutinam):
421 3145 561 3218 utroque
579 3136 660 3198 euim
680 3148 830 3218 ternpore
844 3135 1009 3200 ambulans
1030 3135 1218 3199 disserebat.
1263 3133 1386 3199 Libros
1404 3156 1488 3218 quo·

159 3249 222 3312 que
246 3249 325 3292 suos
353 3249 460 3293 earum
491 3250 599 3293 rerum
625 3230 764 3293 omnium
788 3229 1035 3294 commentarios
1059 3229 1193 3293 seorsim
1215 3226 1340 3306 divisit,
1376 3241 1413 3294 nt
1435 3229 1489 3297 alii

158 3326 338 3410 ἐξωτερικοί
361 3324 558 3403 dicerentur,
587 3325 752 3407 perlinit
733 3331 935 3412 ιῖ.κροατικοί

240 3421 525 3505 ⁹,Eaayylltopar
553 3420 804 3504 prosternam
834 3423 905 3485 Att.
930 3420 977 3484 ll.
1002 3421 1037 3498 9,
1063 3421 1096 3482 3.
1141 3416 1242 3484 Cous.
1261 3419 1422 3507 ”'’Ardp
1399 3446 1488 3488 aaa

159 3514 331 3597 panacem
361 3523 426 3580 κτλ.

242 3611 436 3694 ἰΕπαγωγμ
465 3610 636 3687 inductio,
663 3631 762 3696 gentis
787 3610 1072 3695 argumentationis
1095 3607 1295 3672 Socraticum
1325 3618 1359 3672 et
1376 3609 1489 3674 rbere-

160 3703 274 3768 rieum.
319 3707 425 3785 „Stant
454 3703 692 3778 similitudines,
717 3726 798 3789 quiae
818 3726 859 3769 ex
881 3705 1028 3787 pluribus
1050 3702 1276 3768 collationibus
1298 3702 1491 3785 perveniunt

161 3819 228 3882 quo
251 3801 374 3864 volttnt.
417 3799 510 3862 Haec
532 3820 572 3861 ex
601 3800 749 3881 pluribus
771 3801 964 3882 perveniens
990 3819 1054 3881 quo
1082 3796 1152 3861 volt
1176 3796 1359 3878 appellatur
1387 3794 1491 3859 indas·

160 3895 247 3958 ctio:
269 3913 351 3976 quae
370 3893 496 3955 Graece
525 3894 678 3977 ἐπαγωγή
700 3895 895 3969 nominatur,
920 3914 981 3977 qua
1006 3891 1175 3973 plurimum
1200 3901 1247 3952 est
1267 3911 1348 3966 ,ιιιιιι
1367 3890 1401 3954 in
1423 3910 1494 3954 ser·

161 3986 308 4054 monibus
332 3987 526 4052 Socrates.''
571 3989 659 4069 'l'op.
686 3991 740 4060 10,
764 3988 816 4051 62.
840 3986 919 4051 Vid.
944 4008 971 4049 ι.
998 4008 1029 4050 v.
1051 3979 1246 4071 παραγωγή.

242 4086 339 4148 Ἐπεί
366 4085 428 4160 οὐχ
450 4083 572 4168 ἱερήϊον
595 4084 671 4148 οὐδὲ
690 4089 817 4163 βοείην,
849 4082 932 4167 qnia
952 4100 1022 4145 non
1043 4080 1217 4142 victimam
1237 4099 1346 4164 neque
1365 4091 1493 4164 tergus

161 4176 325 4241 bubalum
345 4177 415 4240 scil.
445 4177 829 4258 capto.adAtt.l.1,
864 4178 897 4238 d.
922 4197 962 4240 ex
985 4176 1086 4238 Hom.
1111 4175 1150 4237 ll.
1172 4200 1207 4253 χ.
1230 4195 1265 4237 ι.
1290 4172 1364 4237 tet.
1411 4192 1492 4255 pro·

163 4271 329 4347 verbium,
353 4291 418 4358 quo
440 4280 589 4346 utuntur,
615 4269 670 4356 qui
690 4291 757 4332 rem
786 4291 932 4354 magnam
955 4269 1007 4354 agi
1029 4269 1134 4332 dicere
1158 4268 1292 4332 volunta
1316 4269 1401 4332 Non
1417 4288 1493 4330 rem

163 4366 268 4429 lenem
290 4377 324 4429 et
344 4367 482 4430 inanem
499 4376 602 4448 peto,
626 4384 695 4427 non
718 4386 772 4428 res
793 4365 877 4428 lenis
897 4365 1030 4448 agitur.
1076 4363 1160 4426 Eeu.

249 4459 424 4539 [Ἐπιτχον
446 4464 501 4526 ἀεί
510 4511 518 4535 ,
544 4459 733 4523 retinebam
754 4457 952 4522 identidem.
997 4460 1036 4519 ad
1055 4459 1127 4521 Att.
1152 4459 1199 4520 V.
1224 4460 1280 4532 ll,
1305 4457 1364 4537 d.]

245 4555 410 4633 Ἐπίχειν,
430 4575 610 4619 assensum
631 4554 820 4630 attatinere,
843 4552 1028 4616 haesitare.
1072 4552 1187 4634 „Quas
1206 4551 1305 4614 urttlto
1324 4559 1399 4613 ante
1420 4559 1491 4621 taxa

166 4667 351 4729 acceperam
378 4649 515 4724 litteras,
548 4649 578 4713 in
608 4651 723 4734 quibus
753 4657 879 4727 ἐπέχειν
908 4661 939 4712 ιι
966 4645 1159 4728 scripseras,
1196 4645 1272 4729 quid
1300 4654 1386 4707 esset
1415 4639 1493 4706 mibi

165 4741 342 4806 laciendum
366 4744 405 4805 de
426 4743 657 4828 relinquendo:
682 4763 737 4806 eae
760 4764 809 4806 me
832 4740 1057 4827 pungebant.'’
1081 4743 1121 4804 ad
1144 4740 1215 4802 Att.
1239 4738 1304 4803 Vl.
1329 4738 1369 4812 6,
1393 4736 1426 4801 3.
1449 4769 1489 4782 -
