3202 5318
142 338 185 403 u
239 398 241 405 ,
279 300 282 314 '
763 338 914 405 rnnnx
1008 428 1011 433 Ι

253 489 256 494 ’
287 483 402 570 ”Endos
420 509 465 559 τις
488 485 527 563 ἢν
546 482 685 561 ἕκαστος
705 487 801 564 εἰδείη
824 497 950 563 τέχνην,

143 594 236 664 quiem
266 600 394 642 versum
427 577 460 640 in
488 578 697 660 proverbium
723 578 839 642 abiisse
863 579 931 660 ipse
953 575 1073 644 Cicero
1096 579 1191 642 docet
1219 578 1320 642 Tusc.
1351 578 1384 643 Ι.
1408 578 1467 660 18,

143 675 196 736 11.
217 670 267 735 bis
288 672 417 735 verbis:
444 672 557 746 „Bene
576 672 657 735 enim
679 672 735 736 iIIo
755 675 953 737 Graecorum
975 671 1152 754 proverbio
1174 671 1390 756 praecipitur,

289 769 403 851 Quam
431 766 574 852 piusque
599 768 693 831 norit
718 778 849 843 artem,
872 767 910 830 in
930 769 993 830 hnc
1016 790 1053 831 se
1073 778 1246 832 exerceat.

222 864 403 946 Ἑρμαῖον,
417 863 552 924 tucrum
568 860 795 947 inspcrflum.
843 908 857 935 „
867 862 999 945 Itaque,
1025 872 1059 925 ut
1073 861 1139 943 legi
1155 873 1223 924 tuas
1239 862 1277 923 de
1295 860 1467 939 Varrone,

140 967 298 1041 tamquam
322 959 487 1042 Ἑρμαῖον
509 954 669 1038 arripnI.’'
713 957 753 1018 ad
779 955 851 1020 Art.
875 954 979 1020 XIII.
1011 957 1068 1033 19,
1100 957 1133 1020 5.
1176 955 1308 1020 Dictum
1333 975 1352 1018 a
1375 954 1470 1021 Mer·

140 1050 251 1127 curio,
285 1053 370 1114 unde
392 1050 472 1113 illud
499 1051 624 1127 Κοινὸς
646 1053 776 1139 Ἑρμῆς
802 1062 1003 1133 usurpatum,
1033 1047 1105 1114 crum
1128 1049 1199 1136 quis
1217 1049 1250 1113 in
1276 1048 1392 1143 itinere
1412 1048 1469 1115 ali·

17 1152 20 1161 '
139 1146 216 1232 quid
236 1144 433 1228 repperisset
462 1154 494 1208 et
519 1166 626 1210 comes
647 1147 714 1209 eius
736 1145 896 1228 particeps
918 1164 988 1209 esse
1010 1146 1120 1209 veIIet.
1166 1146 1252 1209 Ean.
1317 1146 1320 1153 '

223 1242 367 1329 Ἑρμῆς,
387 1239 608 1305 Mercurius.
654 1238 776 1319 ,erod
798 1241 837 1305 ad
864 1241 973 1302 mede
998 1239 1215 1308 Hermathena
1236 1238 1375 1317 scribis,
1409 1262 1469 1326 per

139 1333 363 1419 mihi'gratum
383 1345 452 1412 est,
489 1343 521 1396 et
544 1344 762 1398 ornamentum
786 1331 977 1397 Academiae
1000 1332 1169 1417 proprium
1197 1353 1303 1409 meae,
1327 1338 1418 1419 quod
1438 1346 1469 1401 et

135 1434 263 1516 Ἐρμῆς
288 1449 454 1492 commune
481 1426 620 1492 omnium
647 1437 679 1490 et
700 1428 855 1492 Minerva
871 1426 1040 1513 ‘singulare
1068 1438 1117 1492 est
1135 1425 1260 1513 insigne
1284 1426 1353 1492 eius
1376 1450 1467 1516 gym-

139 1524 257 1600 nasii.”
302 1524 342 1586 ad
364 1523 436 1586 Att.
459 1523 491 1587 1.
515 1523 551 1598 2,
577 1521 608 1586 3.
783 1519 784 1522 ’

219 1620 425 1696 Ἔσάλπιζεν.
448 1616 528 1680 Vid.
547 1614 726 1696 Ἓλάπιζεν.

220 1718 430 1796 Ἐσοφίζετο.
452 1710 532 1774 Vid.
556 1713 773 1793 Zomlgeohaa.

216 1810 358 1889 Ἔσπετε
376 1810 435 1872 νῦν
456 1832 536 1890 μοι,
556 1810 716 1883 Μοῦσαι,
740 1808 850 1884 ὅππως
871 1809 909 1887 δὴ
937 1811 1065 1894 πρῶτον
1084 1810 1148 1894 πῦρ
1172 1807 1307 1892 ἔμπεσε,
1333 1810 1469 1896 praeire

137 1925 228 1969 nuuc
257 1902 341 1966 mihi
371 1903 518 1975 Musae,
549 1902 720 1984 quomodo
749 1900 842 1986 ignis
870 1901 1026 1984 primum
1049 1902 1192 1986 illapsus
1217 1914 1282 1967 est.
1330 1904 1371 1968 ad
1392 1905 1467 1969 Au.

138 2001 168 2064 1.
195 1997 252 2072 16,
279 1997 312 2061 5.
337 2016 378 2059 ex
400 1994 538 2058 Homeri
560 1994 655 2058 Iliad.
678 2023 711 2062 π.
736 2019 765 2058 v.
791 1995 852 2060 113
876 2018 925 2081 sq.
1229 2060 1240 2070 ,
1493 2058 1502 2072 ,

219 2094 356 2167 Ἐστία,
383 2093 501 2156 Vesta.
546 2087 689 2162 ,Vestae
712 2111 825 2154 nomen
845 2110 862 2152 a
881 2089 1015 2155 Graecis
1038 2102 1105 2155 est:
1129 2112 1167 2154 ea
1187 2101 1235 2154 est
1255 2090 1360 2168 enim,
1385 2113 1466 2176 quiae

137 2187 177 2250 ah
204 2185 266 2249 illis
284 2189 408 2251 ‘Eorta
430 2182 563 2256 dicitur:
587 2182 637 2246 ris
654 2195 757 2247 autem
774 2183 841 2249 eius
867 2182 906 2248 ad
930 2202 1001 2249 aras
1024 2197 1057 2248 et
1084 2185 1179 2249 focos
1203 2180 1354 2268 pertinet.
1364 2184 1383 2210 '’
1428 2189 1466 2250 de

138 2282 215 2345 Nat.
237 2279 343 2344 Deos.
366 2277 416 2343 ΙΙ.
440 2282 500 2358 27,
525 2283 577 2375 ⁶⁷8

216 2375 327 2441 Ἔστω
354 2373 435 2455 ὄψις
455 2386 516 2460 μὲν
539 2376 623 2455 ἦά,
652 2374 689 2461 ‚¹⁰⁸
716 2380 751 2441 t:
778 2375 945 2461 ὁρώμενον
972 2382 1011 2456 β,
1043 2403 1071 2458 γ.
1099 2377 1223 2451 ἀκτῖνες
1248 2380 1284 2440 δὲ
1310 2379 1330 2440 δ
1354 2388 1411 2440 καὶ
1441 2402 1463 2441 ε.

137 2469 192 2537 Sit
213 2469 304 2549 visus
327 2492 370 2544 a,
402 2469 495 2554 quod
515 2481 631 2533 nutem
653 2470 788 2533 uidetur
810 2471 850 2545 b,
883 2469 1131 2543 c.rudiivero
1154 2471 1281 2532 dete.
1334 2470 1374 2532 ad
1397 2470 1465 2533 Att.

138 2564 186 2629 1t.
210 2563 249 2641 3,
282 2563 315 2628 2.
367 2565 482 2628 Sermo
506 2566 545 2628 dc
572 2563 742 2638 fenestris,
775 2566 860 2627 unde
883 2575 1079 2646 prospectus
1100 2564 1132 2626 in
1158 2561 1344 2626 viridarium
1367 2571 1466 2646 patet.

136 2661 202 2724 Eas
235 2658 440 2745 angustIores
469 2659 593 2722 fecerat
627 2657 838 2731 architectus,
872 2659 1126 2739 reprehendente
1158 2657 1294 2732 Attico,
1332 2655 1384 2719 cui
1417 2656 1465 2720 his

135 2752 243 2817 verbis
265 2753 492 2833 respondetur.
539 2750 659 2816 Cicero
691 2762 722 2814 et
740 2751 947 2814 Architectns
969 2754 1122 2832 putabant
1144 2751 1299 2814 visionem
1321 2749 1396 2814 lieri
1415 2770 1465 2813 ra·

136 2846 261 2911 diorum
288 2847 418 2924 ἐκχύσει
444 2868 486 2909 ex
509 2847 610 2909 oculis
634 2858 665 2908 et
691 2867 761 2908 crim
786 2866 821 2908 re
848 2839 1033 2928 aspectabili
1058 2844 1302 2919 coniunctione,
1335 2826 1464 2909 AtIicus

136 2952 241 3005 atatem
271 2942 425 3006 εἰδώλων
443 2939 627 3004 incursione
658 2943 709 3020 (v.
730 2942 770 3001 ad
799 2940 952 3018 εἴδωλον)
975 2941 1118 3025 adeoque
1139 2943 1287 3022 putabat,
1322 2938 1465 3023 avrgnstis

136 3035 282 3099 fenestris
312 3041 431 3100 εἴδωλα
460 3054 524 3097 non
546 3054 643 3115 posse
667 3036 835 3098 commode
858 3035 898 3096 ad
919 3034 1032 3097 octrlos
1054 3056 1114 3116 per
1136 3033 1308 3097 fenestram
1338 3033 1464 3096 venire.

136 3127 256 3193 Cicero
277 3141 379 3191 autem
395 3125 583 3210 respondit,
607 3126 670 3201 ita,
695 3148 737 3190 ex
754 3122 923 3190 architecti
944 3127 1097 3209 opinione
1119 3130 1158 3191 de
1180 3126 1328 3207 ἐκχύσεὶ,
1353 3127 1465 3192 melio·

137 3243 203 3285 rem
226 3234 433 3305 prospectum
456 3220 571 3299 effici„
611 3223 693 3285 Nam
722 3221 807 3287 ἔστω
833 3234 895 3284 etc.
920 3222 1013 3286 uides
1034 3234 1158 3296 cetera,
1195 3221 1216 3287 i.
1239 3242 1269 3285 e.
1293 3219 1463 3305 intelligis,

75 3322 87 3343 ³
135 3314 220 3380 ellici
242 3316 284 3379 ita
310 3317 350 3379 ab
376 3316 474 3379 oculo
493 3317 534 3378 ad
559 3315 718 3380 obiectum
744 3316 880 3398 figuram
904 3316 996 3393 coni,
1021 3316 1111 3379 cuius
1130 3314 1294 3401 fastigium
1314 3313 1347 3378 in
1368 3316 1464 3380 oculo

134 3410 352 3492 spectantibus
379 3409 448 3473 sive
464 3411 502 3471 ad
520 3409 690 3474 fenestram
711 3408 917 3473 terminetur:
941 3411 1029 3474 curius
1051 3408 1215 3492 fastigium
1235 3429 1301 3494 qno
1324 3419 1374 3472 est
1389 3430 1464 3474 acu·

135 3505 213 3582 tivts,
247 3503 331 3567 basis
357 3504 470 3579 latior,
500 3524 540 3568 eo
565 3504 731 3567 iucundius
764 3504 978 3586 spectaculum
1002 3504 1177 3573 exhibebit.
1220 3505 1305 3568 Eun.

215 3602 387 3683 Ἑταῖρος,
412 3599 564 3674 sodalis,
586 3599 731 3662 amicus.
753 3601 792 3662 ad
815 3600 887 3662 Att.
911 3599 977 3661 IX.
1002 3600 1036 3676 5,
1060 3599 1092 3662 3.

214 3694 286 3760 Ἔτι
300 3699 425 3778 super:
447 3694 559 3756 utun
580 3694 754 3758 sinimus?
798 3745 813 3774 „
822 3692 937 3758 Redeo
955 3694 995 3755 ad
1011 3713 1112 3756 meum
1127 3692 1227 3778 igitur
1242 3693 1292 3761 ἔτι
1306 3691 1461 3779 ἐῶμεν9”

134 3790 174 3852 ad
193 3790 266 3854 Att.
289 3789 392 3853 XVI.
419 3794 456 3864 1,
482 3792 512 3851 1.

214 3887 450 3968 Ἔτυμολογια,
469 3881 712 3968 veriloquium,
729 3883 885 3957 notatio,
909 3881 1090 3946 verbomtm
1108 3882 1310 3966 explicatio.
1336 3882 1465 3962 „Multa

134 3977 226 4041 etiam
253 4000 294 4041 ex
319 3979 483 4041 notatIone
506 3989 684 4039 sumuntur.
737 3978 784 4039 Ea
816 3987 863 4038 est
884 3987 1011 4052 atrtem,
1038 3999 1108 4039 cum
1132 3999 1173 4040 ex
1196 3975 1229 4039 vi
1250 3974 1387 4040 nominis
1404 3997 1464 4039 ar·

133 4084 317 4156 gumentsun
342 4069 491 4134 elicitur:
515 4092 608 4153 qrram
631 4070 988 4155 Graecir'rvpotoytcv
1016 4082 1152 4147 vocant,
1184 4070 1216 4133 id
1238 4083 1301 4147 est,
1328 4075 1463 4136 verbum

135 4187 176 4228 ex
203 4167 324 4240 verbo,
349 4165 594 4250 veriloquium:
619 4186 678 4228 nos
701 4176 804 4228 autem
827 4164 1003 4241 novitatem
1026 4165 1117 4228 verbi
1140 4186 1203 4228 non
1227 4164 1303 4229 satis
1326 4165 1394 4248 apti
1414 4167 1465 4230 fu-

135 4259 256 4344 gientes
274 4281 375 4345 geniis
398 4262 461 4325 hoc
484 4260 696 4324 notationem
717 4259 931 4342 appellamus,
956 4253 1028 4343 qui‘a
1051 4270 1125 4323 sunt
1148 4261 1247 4322 verba
1270 4279 1378 4322 rernm
1403 4281 1463 4324 no·

132 4358 223 4420 tae.”
269 4358 360 4438 Top.
383 4356 421 4432 8,
446 4356 500 4419 35.
523 4386 566 4398 -
617 4407 632 4435 ,‚
643 4355 831 4417 Verborum
861 4353 954 4417 etiam
981 4353 1152 4437 explicatio
1178 4354 1395 4437 probabatur,
1430 4356 1464 4418 id

132 4459 200 4521 cst,
225 4469 285 4531 qua
309 4451 347 4510 de
368 4471 464 4512 causa
488 4469 633 4532 quaeque
656 4458 762 4510 cssent
786 4447 829 4511 ita
853 4447 1031 4512 nomiuata:
1055 4469 1149 4533 quam
1169 4455 1384 4532 ε’τυμολογιαν
1405 4470 1464 4533 ap·

132 4540 333 4624 pellabant.'’
379 4545 482 4608 Acad.
505 4543 535 4606 1.
559 4543 595 4620 8,
621 4541 674 4606 32.

213 4635 371 4719 Ἔτυμον,
398 4649 557 4725 etymon,
591 4638 613 4700 i.
637 4659 668 4701 e.
691 4657 768 4701 vera
792 4638 888 4723 origo
913 4635 1044 4700 alienius
1068 4636 1217 4701 vocabuli
1239 4636 1371 4720 densque
1394 4636 1462 4702 ori·

132 4728 216 4817 ginis
241 4750 317 4794 vera
351 4741 405 4793 aut
439 4731 615 4796 verisimilis
643 4731 737 4798 ratio.
788 4785 804 4815 „
817 4733 869 4796 'fu
894 4730 1002 4797 Musis
1030 4731 1149 4797 nostris
1177 4752 1255 4817 para
1281 4742 1317 4795 ut
1342 4751 1460 4815 operas
