3202 5318
627 340 777 408 INDEX
798 342 980 410 LEGUM.
1402 347 1463 414 193

134 503 216 547 snae
247 478 515 568 negligerentur,
553 481 635 546 sicut
676 494 759 548 esset
796 484 942 569 neglecta
980 484 1233 569 sumptuaria.''
1281 489 1321 552 ad
1357 487 1461 554 Attio.

223 672 323 743 ,Lex
344 672 582 755 sumptuaria,
607 693 688 755 qssae
711 673 836 759 videtur
858 667 1014 753 λιτότητα
1034 673 1193 753 attulisse,
1219 697 1254 739 ea
1270 675 1344 740 mihi
1362 674 1464 740 iraudi

132 765 210 853 fnit,
253 767 337 829 Nam
362 767 435 828 dnm
459 767 571 830 volunt
598 765 651 828 isti
681 765 756 828 lauti
782 778 868 829 terra
892 777 982 841 nata,
1012 788 1093 850 quae
1122 769 1194 854 lege
1218 780 1353 852 excepta
1378 780 1462 848 sunt,

133 857 169 921 in
193 860 351 924 honorem
373 861 547 934 adducore,
578 860 714 943 iringus,
744 860 914 936 heluellas,
946 861 1062 923 herbas
1092 882 1201 926 omnes
1224 863 1267 925 ita
1294 861 1462 938 condiunt,

133 962 174 1014 ut
191 951 270 1016 nibil
293 952 396 1036 possit
416 973 485 1016 esse
507 952 649 1016 suavius.
693 952 732 1016 ln
754 972 807 1016 eas
833 974 904 1016 enm
931 951 1107 1016 incidissem
1135 954 1168 1018 in
1190 976 1290 1021 coena
1320 952 1466 1039 augurali

134 1047 223 1128 apud
240 1046 430 1121 Lentulum,
455 1057 540 1109 tanta
561 1052 614 1111 tue
636 1042 792 1136 ὃιάρῥοια
816 1046 970 1129 arripuit,
995 1058 1029 1108 ut
1052 1046 1146 1112 bodie
1163 1049 1297 1131 primum
1320 1047 1467 1112 videatur

133 1139 282 1222 coepisse
303 1139 493 1205 consistere.
539 1140 588 1202 lta
614 1161 696 1225 ego,
728 1140 781 1224 qssi
805 1161 853 1204 mc
880 1141 996 1205 ostreis
1019 1152 1050 1204 et
1072 1142 1228 1206 muraenis
1251 1142 1344 1206 iaeile
1368 1140 1465 1206 stisti-

133 1235 267 1309 nabau,
302 1237 416 1298 abela
447 1246 478 1297 et
506 1255 524 1296 a
552 1235 653 1297 malva
683 1235 834 1317 deceptus
863 1233 968 1298 ssssn.''
1003 1239 1041 1297 ad
1063 1237 1155 1300 Fam.
1180 1238 1263 1302 Vll.
1285 1237 1343 1311 te,
1367 1237 1400 1299 2.
1423 1270 1467 1283 —

137 1326 304 1402 ,Domum
333 1328 360 1391 si
390 1329 537 1486 bap-ebo,
573 1327 606 1391 in
635 1331 735 1393 denos
765 1329 832 1393 dies
854 1328 1004 1415 'singulos
1032 1331 1271 1414 sumptuariae
1292 1330 1373 1418 legis
1399 1328 1467 1394 dies

136 1420 338 1488 conferam.”
374 1411 421 1484 a!
467 1443 528 1484 am.
552 1423 617 1487 tx.
642 1425 701 1498 ta,
727 1424 758 1487 5.

226 1517 256 1579 A
276 1515 432 1580 dictatore
450 1513 590 1580 Caesare
608 1516 670 1578 lata
688 1528 748 1578 est.
774 1516 970 1601 Quamquam
989 1515 1070 1580 enirn
1089 1518 1255 1582 Manutius
1273 1519 1312 1581 ad
1330 1515 1402 1584 Cic.
1425 1519 1465 1581 ad

139 1608 222 1674 Dis.
234 1610 317 1673 vlt.
329 1609 383 1671 26.
399 1608 493 1692 plane
509 1620 605 1673 vocat
620 1609 651 1671 in
670 1609 798 1672 dubium
813 1612 894 1672 hanc
914 1611 1034 1696 legem,
1058 1623 1153 1696 atqste
1170 1612 1261 1676 etiam
1277 1611 1401 1676 Gellius
1416 1610 1466 1675 tt.

138 1703 192 1766 21.
217 1702 396 1768 Octaviano
411 1702 524 1766 tribuit
544 1702 655 1766 Iuliam
676 1702 920 1785 sumptuariam:
947 1715 1050 1769 tamen
1069 1727 1110 1769 ex
1131 1706 1153 1768 Ι.
1174 1729 1204 1771 c.
1222 1705 1301 1769 satis
1319 1716 1464 1788 apparet,

138 1796 325 1879 superiores
344 1795 555 1878 sumptuarias
579 1797 667 1881 leges
687 1798 727 1859 ab
751 1819 790 1862 eo
807 1798 959 1880 repetitas
984 1810 1015 1862 et
1034 1799 1176 1862 severius
1199 1800 1333 1863 sancitas
1354 1799 1466 1864 luisse.

138 1891 222 1954 Nans
244 1902 417 1973 propterca
442 1913 483 1953 ex
506 1890 660 1973 Hispania
684 1892 830 1973 scripsit,
855 1913 890 1954 se
916 1904 1027 1975 postca
1055 1895 1178 1958 Romae
1202 1914 1400 1968 mansurum,
1424 1914 1465 1957 ne

138 1982 225 2069 leges
255 2005 330 2049 suae
359 1985 618 2068 negligerentur,
653 1997 686 2047 ut
710 1986 855 2067 neglecta
883 1998 965 2048 esset
991 1986 1062 2061 illa,
1098 2007 1191 2070 quiam
1223 1989 1260 2048 de
1287 1986 1466 2069 sumptibus
1567 2056 1576 2066 ,

137 2077 289 2142 iaciendis
314 2078 450 2142 tulisset.
496 2079 530 2143 Si
552 2082 592 2142 ab
614 2079 677 2142 alio
702 2079 763 2141 lata
786 2078 980 2160 sumptuaria
1005 2078 1150 2164 neglecta
1177 2089 1281 2155 esset,
1305 2092 1340 2142 nt
1360 2079 1468 2161 placet

137 2171 307 2248 Manutio,
332 2175 415 2236 unde
437 2172 524 2237 timet
548 2172 684 2250 Caesar,
709 2194 748 2235 ue
770 2194 846 2236 strae
867 2193 996 2257 qnoque
1016 2173 1284 2237 contemnantur?
1315 2173 1465 2238 Aliorum

140 2264 230 2352 leges
247 2288 345 2351 saepe
364 2267 525 2352 neglectas
547 2267 662 2330 seimsss
686 2267 769 2342 (vid.
791 2289 824 2329 v.
849 2288 878 2330 c.
889 2265 1158 2358 frumentariae
1179 2269 1304 2351 leges);
1328 2270 1467 2332 sednon

138 2357 233 2424 iseile
256 2359 333 2425 viso
356 2361 477 2436 latore,
502 2360 664 2443 inprimis
686 2382 745 2436 eo,
771 2360 824 2445 qssi
847 2371 961 2442 potens
984 2370 1086 2435 esset,
1112 2369 1146 2422 ut
1167 2360 1269 2444 legem
1285 2381 1373 2424 suam
1389 2382 1466 2425 con·

138 2465 295 2517 serratam
321 2455 429 2518 vellet.
472 2456 586 2539 ltaque
610 2453 730 2518 Caesar
752 2474 817 2516 non
839 2464 1000 2534 putasset,
1034 2454 1097 2516 hoc
1127 2453 1157 2516 in
1187 2453 1236 2516 his
1263 2453 1388 2538 legibus
1411 2474 1467 2518 au·

138 2567 246 2610 surusn
271 2569 477 2633 quemquam,
509 2560 541 2610 et
564 2559 738 2630 propterea
764 2548 794 2609 in
818 2545 1003 2627 Hispaniam
1030 2545 1117 2609 abiit.
1162 2547 1256 2609 Nunc
1282 2569 1352 2610 csssn
1373 2548 1465 2610 aliter

140 2643 228 2705 sidet
245 2643 407 2715 evenisse,
432 2655 462 2705 et
478 2643 537 2705 iam
559 2642 679 2705 initium
700 2641 961 2724 negligentiarum
987 2639 1093 2724 legum
1109 2661 1237 2704 suarum
1260 2640 1380 2704 sactum
1396 2663 1465 2707 esse

138 2735 169 2798 in
189 2736 430 2820 sumptuaria,
463 2738 584 2801 Romae
608 2757 732 2798 manere
755 2737 841 2808 visit,
874 2747 907 2796 ut
929 2734 1108 2817 praesentia
1130 2757 1187 2798 sua
1210 2736 1386 2797 absterreat
1404 2735 1464 2801 ho·

139 2829 270 2895 eninm
291 2829 347 2894 tali
361 2851 395 2892 re
413 2832 565 2894 audenda.
608 2829 756 2914 Denique
771 2828 796 2891 si
813 2830 892 2891 alius
911 2827 1013 2914 legem
1030 2828 1207 2914 neglectam
1222 2828 1327 2891 dicere
1347 2827 1463 2905 vuissit,

138 2944 195 2986 cur
222 2924 452 3006 sumptuariam
475 2925 583 3006 potius
612 2923 769 2998 nominat,
807 2944 900 3007 qssam
926 2943 1156 3007 qtsamcumque
1178 2921 1291 2986 aliam?
1326 2923 1377 2987 De
1404 2924 1465 2987 han

138 3018 207 3102 lege
237 3015 387 3082 Caesaris
413 3019 633 3103 intelligendus
659 3021 730 3083 sine
762 3017 860 3079 dubio
889 3029 937 3079 est
965 3016 1058 3079 etiam
1090 3017 1182 3081 locus
1210 3018 1249 3079 ad
1278 3016 1364 3081 Div..
1397 3018 1462 3081 IX.

140 3114 198 3187 15,
224 3113 257 3174 t.
282 3132 351 3174 nam
375 3133 410 3174 ea
435 3112 569 3194 epistola
592 3111 711 3192 scripta
734 3122 780 3173 est
805 3110 901 3193 paulo
924 3123 1012 3186 ante,
1038 3133 1131 3194 quiam
1154 3108 1274 3175 Caesar
1295 3110 1325 3173 in
1346 3110 1464 3192 Hispa-

136 3208 216 3269 niam
240 3206 302 3269 iret
325 3217 403 3288 post
424 3206 539 3269 bellum
563 3205 763 3269 Africanum.
808 3203 960 3268 Ceterum
977 3203 1003 3266 is
1019 3205 1183 3289 neglectus
1200 3204 1280 3289 legis
1302 3226 1372 3267 eum
1394 3226 1464 3267 mo·

137 3299 219 3363 sisse
241 3300 383 3377 videtur,
409 3313 441 3363 ut
462 3312 573 3383 postea
596 3320 708 3365 severe
735 3318 802 3360 eam
828 3309 1002 3361 exerceret.
1047 3299 1124 3360 Vid.
1149 3299 1284 3362 Sueton.
1308 3320 1380 3383 cap.
1404 3298 1458 3364 13.

137 3393 233 3457 stibi
256 3397 410 3458 Torrent.
444 3397 527 3458 Ean.
573 3391 718 3459 Suetonii
743 3393 841 3454 verba
864 3393 942 3453 baec
964 3403 1055 3454 ssent:
1081 3392 1354 3474 „Peregrinarum
1376 3414 1459 3455 mer-

137 3487 216 3549 cium
242 3489 389 3570 portoria
415 3487 562 3550 instituit.
608 3486 810 3550 Lecticarum
838 3506 947 3559 sussum,
971 3485 1044 3547 item
1070 3485 1290 3565 conchyliatae
1309 3486 1405 3549 vestis
1428 3499 1461 3550 et

137 3581 398 3666 margaritarum,
416 3582 475 3645 nisi
490 3581 584 3644 certis
600 3581 745 3663 personis
764 3592 795 3643 et
810 3581 965 3642 aetatibus
981 3601 1101 3662 perque
1121 3590 1228 3643 certos
1244 3579 1308 3640 dies
1328 3580 1457 3645 ademit.

137 3676 260 3761 Legem
284 3676 457 3760 praecipue
481 3675 706 3759 sumptuariam
730 3677 891 3750 exercuit,
925 3674 1084 3757 dispositis
1107 3674 1189 3736 circa
1214 3674 1375 3738 macellum
1402 3697 1459 3739 cu·

137 3770 302 3855 alodibus,
332 3772 386 3855 qssi
410 3771 542 3835 obsonia
567 3783 678 3833 eontra
704 3770 835 3833 vetitum
858 3768 1032 3832 retinerent
1056 3771 1323 3850 deportarentque
1346 3769 1385 3830 ad
1408 3788 1455 3841 se,

137 3863 300 3928 submissis
320 3885 543 3950 nonnunquam
567 3863 731 3928 lictoribus
755 3875 849 3948 atque
871 3862 1037 3937 militibus,
1072 3861 1143 3945 qui,
1174 3861 1285 3946 siqua
1308 3861 1457 3922 custodes

136 3958 340 4034 fefellissent,
364 3959 423 4022 iam
446 3958 591 4041 apposita
613 3980 630 4020 e
653 3956 790 4022 triclinio
814 3955 1007 4021 assicrrent.''
1051 3959 1143 4020 Adde
1160 3955 1295 4021 Dionem
1312 3950 1456 4018 Cassium

135 4054 268 4119 xbtlt.
294 4054 354 4116 25:
384 4049 434 4118 Τὰ
456 4048 658 4136 ἀναλώματα
681 4053 745 4117 τῶν
764 4076 794 4116 τι
816 4047 969 4137 ἐχόντων,
992 4051 1041 4114 ἐπὶ
1064 4053 1215 4115 πλεῖστον
1236 4043 1286 4114 ὑπ’
1313 4042 1457 4122 ἀσωτίας

136 4149 306 4235 appeten,
330 4142 389 4213 οὐκ
410 4142 550 4237 ἐννόμῳ
571 4141 673 4231 μόνον
695 4146 894 4231 ἐμετρίασεν,
916 4139 1071 4210 ἀλλὰκαὶ
1094 4144 1139 4233 τῷ
1160 4142 1242 4232 ἔργῳ
1263 4136 1402 4227 ἰσχυρῶς
1423 4137 1457 4204 e'r

136 4244 266 4337 oniam}
288 4237 475 4322 ἐποιήσατο.
519 4240 620 4305 Conl.
646 4240 896 4301 subsannamur.

302 4403 401 4466 lunia
423 4401 464 4465 sie
482 4399 687 4483 pssbls'canis.

89 4550 92 4571 ¹
219 4523 376 4606 „Primus
396 4523 488 4586 scivit
510 4521 672 4601 (Plancius
691 4521 794 4604 pater)
815 4518 917 4604 legem
941 4517 982 4581 de
1000 4513 1195 4600 publicanis
1212 4524 1294 4589 tum,
1318 4535 1388 4577 enm
1404 4512 1455 4580 vir

137 4618 341 4703 amplissimus
364 4617 474 4681 consul
496 4620 548 4696 (G.
572 4620 714 4692 Caesar)
735 4613 768 4677 id
793 4612 838 4676 illi
861 4611 964 4677 ordini
988 4632 1046 4694 per
1069 4610 1222 4692 populum
1245 4607 1346 4687 dedit,
1368 4610 1455 4692 qnod

138 4733 194 4793 per
213 4723 377 4788 senatum,
409 4710 435 4773 si
462 4709 619 4788 licuisset,
649 4707 824 4774 dedisset.”
860 4727 922 4790 pro
945 4704 1080 4770 Plancio
1103 4704 1160 4778 tit,
1184 4703 1237 4767 35.
1269 4736 1312 4749 -
1344 4699 1455 4784 „Cum

140 4806 285 4890 princeps
318 4815 403 4870 esset
426 4803 666 4887 publicanorum
697 4801 759 4869 Cn.
787 4799 910 4868 Plancii
943 4811 1033 4884 pater
1062 4810 1093 4863 et
1121 4796 1257 4863 societas
1283 4798 1393 4942 iidem
1422 4794 1457 4859 in

205 4904 334 4954 οιοιιιιι.
371 4904 423 4948 cn.
444 4903 488 4949 m.
