3202 5318
133 312 177 379 se
289 322 293 339 ·
336 264 342 280 ’
720 311 873 378 sunna

133 454 273 540 eversio¹
290 451 462 517 molienda
483 451 547 527 sit,
582 450 720 516 etiamsi
745 451 867 514 civitas
892 460 1038 534 propter
1060 450 1097 514 id
1119 452 1161 514 de
1182 472 1320 517 summa
1345 479 1465 521 rerum

131 549 328 632 perieulum
350 545 509 611 subitura
530 545 588 609 sit.
613 549 669 609 An
684 545 871 609 cauendum
883 544 950 620 sit,
975 566 1034 620 ne,
1056 546 1115 630 qui
1132 546 1355 632 tyrannidem
1371 572 1466 613 ecer-

133 645 192 718 tit,
216 641 290 726 ipse
311 643 484 705 evehatur.
529 643 585 703 An
610 640 814 702 tentandum
842 639 908 714 sit,
943 661 1044 721 opem
1052 637 1163 731 serre
1180 642 1320 725 patriae
1341 655 1467 730 tyran-

133 737 213 801 nide
255 756 440 819 oppressae
476 732 586 798 verbis
623 746 656 799 et
690 734 741 797 rei
770 733 1029 818 opportunitate
1060 735 1197 817 potius,
1232 758 1336 819 quam
1365 739 1465 803 bello.

138 834 263 897 Utrum
287 830 371 892 civis
394 829 474 893 boni
493 829 555 903 sit,
580 828 790 891 secedentem
815 828 933 912 aliquo
965 829 1135 912 quiescere
1161 852 1329 913 oppressa
1359 853 1382 894 a
1408 846 1464 920 ty·

133 946 245 989 ranno
260 924 399 1007 patria,
436 943 481 985 an
508 923 732 1007 quodeunque
757 922 973 985 subeundum
1002 922 1186 986 discrimen
1207 945 1274 1006 pro
1293 926 1463 991 libertate.

132 1025 191 1085 An
216 1019 341 1083 bellum
365 1015 591 1108 inferendum
610 1016 765 1101 regioni,
787 1038 894 1105 eaque
917 1018 963 1080 sit
983 1017 1186 1096 obsidenda,
1213 1019 1245 1083 si
1266 1040 1289 1080 ιι
1309 1032 1464 1107 tyranno

132 1115 363 1200 opprimatur.
409 1114 466 1175 An
484 1111 589 1174 etiam
611 1110 662 1188 is,
687 1112 746 1196 qni
769 1132 838 1174 non
858 1112 999 1194 probet,
1023 1123 1060 1174 ut
1084 1113 1169 1176 bello
1192 1108 1357 1199 tyrannis
1371 1138 1463 1179 ever·

131 1223 245 1283 tatur,
278 1220 394 1272 tamen
414 1226 537 1269 nomen
561 1228 663 1268 suum
670 1204 859 1314 profiteri
887 1228 964 1268 cum
977 1204 1200 1297 fortissimis
1223 1206 1308 1269 viris
1329 1207 1462 1273 debeat.

132 1309 188 1370 An
204 1326 282 1366 cum
300 1301 532 1366 benemeritis
550 1312 584 1363 et
605 1300 724 1365 amicis
743 1321 814 1362 una
832 1301 1009 1362 subeunda
1025 1300 1096 1364 sint
1111 1301 1303 1385 pericula
1289 1322 1326 1363 m
1344 1303 1462 1378 rebus,

132 1420 220 1485 quae
237 1398 414 1482 pertinent
429 1394 476 1457 ad
498 1417 572 1457 rem
592 1393 777 1478 publicam,
795 1394 900 1457 etiam
915 1416 945 1457 st
939 1394 1012 1458 iili
1034 1395 1149 1458 minus
1167 1408 1257 1459 recte
1269 1395 1312 1457 de
1327 1416 1464 1458 summa

132 1515 252 1558 rerum
272 1490 486 1555 consuluisse
514 1488 708 1553 uideantur.
762 1491 888 1553 Utrum
913 1490 954 1551 de
974 1481 1097 1572 patrid
1121 1491 1390 1566 benemeritus,
1423 1492 1464 1558 ob

32 1600 41 1615 ‘
132 1612 274 1674 eantque
297 1607 440 1649 causam
467 1584 678 1667 grauissima
706 1605 859 1668 quaeque
885 1604 1010 1666 passus
1036 1594 1069 1645 et
1099 1584 1230 1647 invidia
1254 1608 1461 1669 oppressus,

132 1689 226 1748 ultro
245 1703 313 1766 pro
334 1680 455 1763 patria
477 1678 661 1742 discrimen
687 1677 805 1742 subire
827 1678 964 1741 debeat:
999 1698 1045 1739 an
1064 1668 1336 1759 permittendum
1356 1681 1464 1756 ei,ut

133 1776 322 1860 suiipsius
351 1775 441 1837 mter
443 1774 524 1835 dum
546 1786 578 1834 et
612 1771 873 1836 carissimorum
912 1772 1090 1835 bominum
1119 1770 1292 1835 rationem
1321 1776 1463 1850 babeat,

134 1871 289 1935 dimissis
313 1870 419 1931 adver
419 1889 480 1931 sus
497 1878 655 1950 potentes
671 1866 983 1930 concertationibus
1001 1888 1069 1949 pro
1093 1866 1299 1949 republica.
1330 1871 1370 1930 ad
1394 1872 1464 1935 Att.

133 1965 318 2041 1Χ.1,9.
371 1963 452 2025 Sunt
479 1968 587 2036 Stoice
617 1960 741 2039 (vid.
731 1982 763 2023 ιιι
794 1961 826 2022 h.
858 1958 967 2038 ιν),
958 1982 988 2022 ιιι
1020 1960 1134 2044 qttibus
1163 1960 1336 2025 tractandis
1368 1963 1465 2028 otitttn

46 2066 49 2074 ’
133 2060 339 2126 consumebat
354 2054 489 2130 Cicero,
516 2067 550 2116 ut
567 2053 702 2117 animum
715 2074 888 2137 parumper
904 2056 943 2116 ab
959 2052 1158 2137 aegritudine
1170 2057 1356 2120 abduceret.
1381 2058 1465 2120 Ean.

218 2157 344 2241 Εἷρων,
374 2150 578 2223 simulator,
607 2148 867 2212 dissimulator:
900 2148 940 2210 ita
970 2149 1071 2211 dictus
1097 2152 1267 2226 Socrates,
1303 2153 1392 2236 quod
1415 2174 1466 2215 re·

134 2252 391 2334 darguendorum
423 2243 646 2327 sophistarum
675 2261 769 2306 causa
799 2243 984 2317 simulabat,
1018 2264 1051 2307 se
1074 2244 1177 2308 omnia
1200 2245 1342 2321 nescire,
1372 2244 1465 2309 etiam

132 2367 204 2408 cum
230 2354 317 2407 recte
338 2339 446 2404 sciret.
499 2337 549 2401 De
573 2340 676 2400 verbo
702 2347 850 2424 εἰρωνείᾳ
874 2337 939 2402 vid.
963 2338 1181 2419 'theophrast
1206 2339 1308 2404 Char.
1332 2363 1363 2404 e..
1386 2341 1411 2404 l.
1435 2355 1465 2405 et

132 2440 176 2506 ibi
199 2443 218 2507 ὅ
243 2439 328 2505 πάνυ
351 2433 574 2506 casaubonus.
602 2433 686 2497 Eas.
738 2434 814 2508 ,De
838 2431 972 2496 Graecis
995 2446 1098 2495 autem
1127 2433 1250 2498 dulcem
1270 2445 1302 2496 et
1327 2435 1464 2499 facetum

132 2533 305 2617 festivique
328 2528 485 2593 sermonis
513 2541 608 2611 atque
628 2526 659 2590 in
683 2528 769 2591 οιιιιιί
796 2529 941 2591 oratione
963 2525 1199 2607 simulatorem,
1230 2551 1323 2612 quem
1347 2535 1464 2617 εἴρωνα

134 2627 252 2696 Graeci
275 2625 497 2696 nominarunt,
522 2624 688 2686 Socratem
714 2619 1022 2726 accepim11s3”de
1047 2620 1150 2684 Otfc
1172 2622 1205 2685 1.
1230 2623 1289 2701 30,
1326 2626 1401 2688 108.
1425 2657 1465 2669 -

137 2729 205 2811 „ln
229 2725 293 2784 hoc
318 2741 436 2804 genere
460 2715 631 2780 Faenius
623 2739 654 2778 ιιι
678 2716 842 2778 annalibus
865 2714 929 2776 suis
953 2713 1139 2776 Africanum
1156 2717 1239 2779 hune
1253 2718 1464 2782 Aemilianum

134 2780 210 2884 dicit
234 2815 351 2887 luisse,
388 2824 510 2874 etcum
540 2812 669 2873 Graeco
697 2812 799 2874 verbo
830 2807 1022 2890 appellat
991 2830 1134 2890 ειρωναε
1167 2812 1238 2884 ssd,
1270 2812 1315 2875 uti
1339 2811 1463 2887 lentant,

134 2914 189 3000 qui
211 2909 322 2974 melius
344 2909 424 2969 haec
445 2917 584 2980 nortmt,
608 2904 772 2967 Socratem
796 2901 915 2985 opinor
930 2901 960 2964 in
982 2904 1065 2963 hac
1057 2903 1158 2966 ironia
1174 2904 1465 2994 dissimulantiaque

132 3010 231 3090 longe
262 3004 375 3087 lepore
408 3012 440 3063 et
467 2997 661 3061 humanitate
694 2992 841 3062 erunibus
868 2994 1110 3077 praestitissest
1161 3000 1200 3062 de
1231 2999 1293 3066 Or.
1323 3001 1374 3066 ΙΙ.
1404 3004 1464 3079 bt,

134 3105 209 3166 270
237 3135 279 3146 —
329 3097 466 3178 „Quare
496 3099 615 3180 εἴρωνα
635 3114 704 3167 me,
735 3089 824 3153 nesi
854 3090 1025 3153 Africanus
1051 3090 1177 3175 quidem
1200 3093 1279 3171 luit,
1311 3109 1347 3159 ut
1371 3095 1465 3161 sitin

132 3192 266 3265 historia
285 3188 407 3257 suaC
432 3189 592 3264 Fannius,
616 3186 791 3250 existimari
815 3183 949 3249 velim.'’
993 3186 1085 3250 Brut.
1108 3187 1167 3263 87,
1192 3187 1268 3253 999.

218 3290 399 3373 Elocuta,
434 3280 584 3358 ironia,
600 3279 847 3353 dissimulatio,
878 3278 1062 3344 cavillatio.
1117 3281 1291 3352 „Attamen
1320 3295 1369 3347 est
1402 3282 1465 3350 isto

133 3386 209 3448 laco
236 3382 339 3456 bella,
372 3392 406 3442 ut
431 3377 509 3440 mihi
536 3377 680 3452 videtur,
709 3386 874 3463 εἰρωνεία,
907 3375 993 3457 quod
1016 3397 1085 3437 etun
1109 3387 1159 3437 ter
1184 3389 1296 3440 contra
1319 3379 1408 3443 cives
1435 3380 1467 3442 in

134 3476 241 3542 acie.''
286 3478 325 3539 ad
347 3476 420 3538 Att.
442 3472 544 3536 XVI.
570 3472 632 3546 11,
664 3471 754 3533 9.-
805 3472 956 3533 Socrates
987 3492 1086 3551 „eum
1113 3472 1200 3533 aliud
1222 3468 1343 3534 diceret
1371 3486 1467 3559 atque

133 3583 283 3644 sentiret,
307 3570 446 3632 libenter
467 3566 512 3628 uti
532 3566 644 3628 solitus
664 3577 711 3628 est
734 3586 769 3627 ea
796 3562 1068 3640 dissimulatione,
1104 3585 1197 3650 qttam
1229 3565 1348 3628 Gracci
1372 3576 1467 3655 sipu-

135 3680 224 3736 rstar
251 3661 404 3727 vocant.’'
450 3661 554 3724 Acad.
578 3659 627 3723 ΙΙ.
651 3660 687 3733 5,
714 3660 766 3721 15.

218 3759 481 3845 Εἰρωνεύεσὲιαι,
506 3755 744 3827 dissimulare,
771 3753 1031 3816 dissimulanter
1046 3754 1153 3838 loqui.
1198 3755 1271 3835 „Et
1293 3777 1358 3843 ego
1376 3756 1464 3840 ipse,

133 3878 228 3943 quem
260 3867 293 3917 tu
320 3873 379 3934 per
404 3849 512 3914 iocum
539 3884 581 3894 -
610 3847 657 3911 sie
682 3847 764 3910 enim
793 3848 917 3931 accipio
948 3883 988 3894 --
1017 3847 1144 3911 divitias
1170 3847 1326 3912 orationis
1347 3852 1468 3915 habere

133 3948 230 4028 dicis,
252 3969 302 4012 me
323 3967 387 4009 non
414 3966 484 4008 esse
510 3946 684 4007 verborum
706 3945 875 4008 admodum
893 3943 1020 4026 inopem
1044 3964 1208 4029 agnosco:
1233 3944 1467 4043 εἰρωνεύεσθαι

135 4046 216 4111 enim
243 4066 307 4108 non
334 4063 464 4105 necesse
487 4052 555 4104 est·
588 4041 642 4102 sed
665 4050 768 4100 tamen
794 4038 946 4101 idem—
975 4060 1033 4101 nec
1059 4039 1123 4102 hoc
1151 4036 1400 4127 εἰρωνευόμενος
1425 4076 1469 4090 -

134 4140 229 4205 facile
266 4140 345 4203 cedo
384 4149 512 4202 tuorum
547 4133 740 4217 scriptorum
777 4132 944 4197 subtilitati
976 4144 1009 4196 et
1040 4131 1253 4218 elegantiaef
1290 4134 1337 4198 ad
1368 4132 1466 4201 Fam.

133 4235 199 4299 lv·
219 4234 277 4405 big
292 4238 510 4399 1cinoba'uour,
532 4322 579 4386 ad
604 4320 908 4386 consecrationem.
952 4321 1082 4396 „Multa
1109 4320 1221 4385 mihi
1208 4349 1253 4399 εις
1274 4325 1468 4392 ἀποθέωσιν

74 4502 82 4521 ι
133 4421 165 4486 in
192 4432 327 4484 mentem
351 4416 520 4484 veniunt.'’
565 4419 605 4479 ad
629 4418 701 4481 Att.
725 4417 809 4481 xtl
830 4416 890 4494 37,
916 4417 947 4479 1.

219 4514 278 4591 Εἷς
298 4526 372 4599 ἐμοὶ
389 4540 523 4602 μυριοι,
547 4533 638 4576 unus
661 4511 745 4575 mibi
761 4511 877 4574 decem
895 4511 1008 4589 milia,
1033 4533 1124 4577 unus
1144 4512 1228 4576 mihi
1246 4511 1361 4578 instar
1378 4516 1469 4579 mad·

134 4622 252 4677 torum
273 4609 417 4673 milium.
464 4613 502 4672 ad
524 4609 596 4672 Au.
620 4607 720 4672 XVI.
747 4610 807 4682 11,
834 4609 864 4670 1.

218 4701 277 4782 Εἷς
306 4704 420 4780 οἰωνὸς
450 4705 601 4796 ἄριστος,
631 4703 819 4788 ἀμύνεσθαι
850 4714 923 4790 περὶ
957 4702 1095 4793 πάτρης,
1133 4724 1241 4768 tentem
1272 4704 1466 4787 augurium
