3202 5318
463 360 467 367 ·
555 345 706 415 INDEX
726 346 908 416 Lucum.
1330 354 1392 421 987

150 489 234 551 Lata
256 498 305 551 est
327 509 345 552 a
366 491 423 554 M.
448 490 565 555 Tullio
585 491 749 556 cicerone
769 493 901 556 consule
923 512 953 555 a.
975 512 1009 555 n.
1033 492 1108 557 690.
1137 493 1178 556 ad
1200 494 1393 560 coulirman-

64 582 136 645 dam
153 594 184 645 et
205 581 359 667 graviore
382 603 484 664 poena
501 585 678 667 augendam
692 583 898 669 Calpurniam
913 586 1032 669 legem.
1076 586 1168 667 Quas
1186 587 1221 651 iu
1237 588 1392 655 arationis

59 694 126 757 pro
147 676 287 739 Murena
310 675 415 758 capite
438 678 491 741 23.
514 676 648 741 indicata
668 690 742 741 sunt
759 679 820 742 tria
842 677 969 743 Tulliae
988 678 1069 763 legis
1083 682 1255 763 praecipua
1275 684 1391 769 capita,

61 768 272 835 Ferratius
294 770 327 834 in
350 771 457 854 Epist.
481 771 537 837 lib.
560 772 591 835 l.
616 793 670 855 ep.
695 773 746 837 tt.
768 774 817 854 (p.
839 774 882 837 bb
902 775 985 856 seq.)
1006 773 1050 837 ita
1071 774 1261 841 illustrarits

144 868 262 930 Poena
290 866 436 949 grauior
468 866 505 928 in
531 867 665 949 plebem
699 877 761 929 tua
788 888 867 931 vocs
899 864 1101 956 efflagitata
1130 881 1201 944 ests
1231 874 1395 941 commoti

58 959 170 1023 animi
181 961 398 1031 tenuiorumr
419 959 539 1044 quippe
554 960 611 1044 qm
629 960 782 1044 eullragia
802 963 940 1024 vendere
958 962 1117 1039 solerent,
1141 976 1173 1027 et
1190 965 1250 1027 bac
1268 968 1394 1033 ratione

58 1074 210 1139 maguum
238 1053 407 1138 quotannis
434 1054 555 1118 lucrum
584 1053 712 1128 lacere3
744 1055 775 1117 in
803 1075 879 1129 eos,
915 1054 970 1138 qtti
999 1074 1035 1119 se
1064 1057 1201 1123 comitiis
1227 1060 1394 1144 corrumpi

56 1147 217 1224 sinerent,
253 1150 353 1213 multo
382 1147 518 1232 gravior
545 1169 638 1230 quiam
662 1159 753 1212 antea
781 1170 887 1232 poena
912 1149 1083 1213 constituta
1112 1164 1173 1216 est.
1214 1153 1395 1219 Exsilium

57 1241 97 1309 in
117 1256 278 1308 nostrum
300 1242 457 1307 ordinem
464 1266 477 1317 ‚·
509 1243 573 1307 soli
597 1241 679 1306 enim
700 1255 865 1308 senatores
886 1243 957 1328 lege
980 1245 1020 1307 de
1043 1245 1161 1309 ambitu
1186 1248 1392 1322 tenebantura

58 1358 132 1401 curn
157 1338 181 1402 ii
202 1349 322 1402 tantum
345 1339 384 1400 ad
405 1339 563 1420 petendus
586 1335 791 1418 magistratus
814 1341 1020 1413 accedereut;
1043 1360 1178 1424 cumque
1201 1340 1342 1407 mnmti
1361 1352 1395 1407 st

60 1430 208 1495 ordinem
232 1443 264 1495 et
286 1433 333 1497 ius
356 1435 565 1517 petendorum
589 1434 746 1497 bonorum
767 1443 858 1496 autea
874 1433 1069 1512 amitterent,
1093 1433 1200 1500 Tullia
1214 1434 1269 1501 lex
1282 1437 1393 1501 &cem

60 1546 219 1591 annorum
239 1525 368 1591 exilium
389 1525 519 1590 addidit.
563 1528 685 1592 Morbi
704 1526 926 1591 excusationi
944 1549 1057 1611 poena
1076 1528 1200 1593 addita
1219 1522 1290 1595 sits
1317 1531 1394 1596 Hoc

61 1621 191 1683 tertium
226 1622 397 1685 obscurum
431 1642 500 1684 esse
530 1622 715 1705 qutibusdam
750 1620 876 1685 videtur
909 1631 943 1684 et
974 1622 1200 1704 explanatione
1231 1623 1392 1710 indigere.

62 1714 231 1779 Manutius
254 1715 360 1800 itaque
386 1715 547 1791 Videtur,
572 1714 691 1799 inquit,
712 1714 853 1781 &ruins
874 1728 908 1779 et
926 1716 1068 1798 petiisse
1089 1737 1113 1778 a
1134 1729 1256 1781 senatu
1278 1730 1313 1782 et
1334 1720 1394 1785 ob·

60 1810 226 1885 tinuisse,
262 1821 301 1872 ut
326 1813 385 1872 lex
401 1807 572 1900 ferretur
598 1810 640 1873 de
661 1810 826 1894 cogendis
848 1809 1007 1874 omnibus
1029 1808 1077 1872 ad
1103 1808 1245 1873 comitia
1268 1832 1393 1876 eonsu-

58 1902 171 1977 laria,
195 1924 308 1985 poena
329 1902 470 1975 addita,
494 1902 525 1966 si
548 1904 625 1987 quia
647 1904 803 1967 morbum
825 1914 1025 1966 excusaret.
1070 1903 1173 1984 Quam
1200 1906 1297 1969 mrrlta
1319 1904 1393 1971 inde

58 2008 333 2080 consequerentur
358 1994 518 2059 aberit-da?
556 1998 683 2061 1.Eos
712 1997 805 2060 etiam
832 2007 964 2061 coactos
987 1996 1086 2060 luisse
1114 1997 1250 2061 comitiis
1271 2000 1393 2077 adesse,

56 2091 115 2175 qui
140 2092 221 2154 male
243 2091 402 2163 valerent,
426 2109 497 2152 cum
522 2091 736 2176 tantisquisque
759 2091 886 2174 impune
908 2090 1021 2155 abesse
1042 2101 1188 2172 poterat,
1210 2091 1286 2155 licet
1307 2094 1393 2157 nulla

56 2186 267 2251 excusatione
290 2196 446 2250 uteretur.
488 2185 520 2247 2.
545 2183 627 2250 Cum
649 2206 702 2248 res
725 2185 794 2267 ipsa
820 2205 939 2267 perse
965 2197 1015 2248 est
1037 2185 1168 2263 odiosa,
1199 2197 1265 2249 tum
1291 2186 1392 2252 multo

56 2278 160 2363 magis
183 2281 226 2343 ab
256 2277 656 2363 gravissimampoeoam:
694 2282 770 2344 Aut
790 2277 1009 2343 incommodo
1029 2279 1141 2343 morbi
1161 2278 1267 2343 stiam
1287 2280 1393 2345 ceteri

56 2371 148 2436 uitae
158 2370 314 2465 sructus
337 2372 570 2457 relinquendi,
606 2373 746 2436 aratoris
771 2373 868 2436 rerba
890 2383 980 2444 sunt;
1015 2393 1143 2436 necesse
1164 2384 1251 2448 erat,
1282 2384 1319 2437 ut
1338 2373 1393 2437 rel

58 2468 178 2531 morbo
194 2467 351 2549 perirent,
379 2468 449 2543 vel,
473 2468 499 2531 si
515 2464 772 2538 convaluissent,
795 2464 880 2547 pulsi
896 2463 1071 2528 inexilium
1092 2467 1196 2531 omnia
1211 2465 1392 2531 amitterent

57 2583 131 2626 eum
158 2560 300 2626 civitate.
345 2562 378 2625 3.
402 2563 479 2626 Non
501 2574 589 2624 recte
613 2556 731 2623 Cicero
754 2560 902 2634 dixisset,
926 2579 966 2622 eo
989 2558 1070 2644 legia
1090 2560 1192 2641 capite
1218 2561 1391 2625 multorum

58 2656 257 2720 voluntatem
273 2658 439 2721 offensam.
484 2658 544 2728 An,
557 2653 722 2739 quisquam
740 2675 809 2718 esse
822 2665 970 2736 poterat,
995 2652 1049 2736 qui
1068 2675 1133 2717 non
1153 2654 1392 2720 offenderetur?

57 2751 125 2815 boc
147 2762 214 2828 est,
238 2750 379 2836 quinon
402 2761 557 2813 metueret
578 2749 651 2812 lore
673 2748 861 2831 aliquando,
886 2761 919 2811 ut
943 2748 1013 2831 ipse
1034 2769 1166 2832 quoque
1188 2748 1391 2815 comitiorum

57 2855 208 2928 tempore
231 2847 347 2909 morbo
371 2846 478 2929 aliquo
498 2841 729 2927 impediretur?
772 2844 804 2905 4.
828 2843 872 2908 Ut
895 2843 953 2905 alia
977 2842 1070 2906 missa
1093 2842 1206 2905 laciam
1227 2844 1394 2930 quamplu-

56 2939 158 3005 rima:
184 2961 302 3004 suosne
323 2961 361 3002 an
385 2939 629 3020 competitorum
650 2938 881 3022 suffragatores
903 2938 1041 3021 cogebat
1064 2937 1175 3001 venire
1193 2936 1225 2999 in
1244 2959 1391 3020 campum

57 3033 245 3116 Sulpicius?
269 3033 302 3097 Si
325 3056 420 3106 suos;
443 3044 610 3114 repererat
634 3031 800 3106 nimirum,
824 3052 885 3115 qua
906 3031 1026 3112 optima
1048 3031 1173 3095 ratione
1196 3053 1307 3095 eorum
1329 3032 1391 3097 sibi

56 3128 240 3191 voluntates
267 3127 466 3191 conciliaret.
512 3126 546 3189 Si
569 3127 800 3210 suffragatores
826 3126 1091 3207 competitorum
1122 3126 1246 3189 scilicet
1268 3139 1302 3192 ut
1323 3147 1390 3211 quo

56 3222 160 3287 maior
184 3233 266 3285 esset
289 3223 388 3284 aliena
413 3221 622 3305 suffragatio,
646 3221 686 3283 de
706 3221 832 3301 repulsa
856 3218 923 3301 ipse
946 3222 1069 3285 certior
1091 3222 1190 3285 toret.
1238 3219 1388 3286 Ceterum

55 3337 97 3379 ex
125 3316 192 3379 Tit.
225 3321 255 3378 7.
285 3314 466 3378 Duodecim
499 3316 714 3389 tabularum,
751 3315 860 3397 quanti
897 3315 1047 3379 momenti
1088 3327 1171 3378 esset
1203 3316 1235 3379 in
1265 3315 1388 3379 iudiciis

56 3409 224 3474 excusatio
248 3409 373 3483 morbi,
404 3407 590 3491 colligitur:
630 3410 668 3473 Si
689 3410 797 3472 iudex
821 3410 874 3471 uel
895 3409 1062 3472 alteruter
1083 3431 1130 3474 ex
1153 3408 1390 3491 litigatoribus

55 3504 178 3568 morbo
200 3503 335 3566 sontico
359 3502 587 3585 impediatur,
611 3502 684 3565 dies
706 3502 827 3565 iudicii
856 3499 996 3589 diffisus
1023 3513 1109 3567 esto.
1152 3503 1249 3582 erod
1272 3526 1336 3568 non
1357 3503 1389 3566 in

55 3596 192 3679 priuatis
215 3609 335 3660 tautum
359 3598 479 3673 caussis,
504 3597 612 3661 sedin
637 3595 775 3677 publicis
796 3597 888 3660 etiam
912 3609 942 3661 et
960 3598 1071 3680 populi
1088 3595 1212 3659 iudiciis
1231 3609 1389 3660 serratum

55 3693 155 3756 luisse
176 3703 312 3755 testatur
332 3689 451 3755 Cicero
477 3692 623 3755 oratione
646 3712 708 3771 pro
727 3692 824 3756 domo
847 3713 921 3755 stra:
946 3692 1102 3776 Denique
1125 3692 1245 3767 etiam,
1270 3692 1391 3775 siqua

56 3808 115 3851 res
136 3788 234 3851 illum
256 3787 345 3849 diem
368 3790 446 3870 (quo
468 3785 615 3850 iudicium
639 3787 676 3847 de
698 3787 802 3868 capite
825 3786 954 3849 alicuius
974 3786 1042 3849 lieri
1062 3788 1170 3863 debet)
1192 3798 1254 3848 aut
1272 3782 1390 3868 auspi·

55 3882 121 3945 ciis
140 3893 204 3944 aut
225 3882 451 3946 excusatione
472 3880 631 3957 sustulit,
654 3892 728 3943 tota
749 3902 857 3944 causo
877 3882 1108 3966 iudiciumque
1129 3881 1302 3945 sublatum
1323 3890 1388 3943 est.

57 3974 236 4041 Excusatio
259 3986 362 4037 srrtem
385 3976 437 4038 vel
460 3996 500 4037 ex
524 3976 639 4037 morbo
660 3976 902 4051 desumebatur,
928 3976 977 4039 rel
1000 3997 1040 4038 cx
1063 3975 1176 4039 funere
1199 3973 1386 4048 domestico,

57 4083 91 4135 nt
110 4070 256 4133 innuitur
273 4069 303 4131 in
319 4090 356 4132 ea
373 4091 434 4151 pro
450 4068 586 4132 Rabirio
606 4068 834 4151 perduellionis
857 4091 928 4135 reo.
973 4071 1045 4133 Hac
1061 4069 1166 4133 morbi
1181 4066 1388 4130 excursatione

55 4188 94 4231 ne
116 4165 165 4229 uti
187 4174 321 4248 possent
343 4164 482 4227 socruali
504 4166 542 4227 de
564 4163 698 4238 ambitu,
724 4165 795 4247 lege
810 4165 915 4228 Trallis
931 4176 1056 4227 cautum
1075 4175 1142 4227 est:
1166 4174 1200 4226 ut
1217 4183 1280 4244 pro
1300 4163 1389 4223 dam-

55 4262 134 4324 natis
158 4262 368 4333 haberentur,
394 4260 448 4343 qsri
470 4280 538 4320 eam
557 4260 799 4340 praetendentes
815 4280 939 4322 causam
960 4258 1065 4323 iudicii
1090 4257 1271 4321 dilationem
1290 4276 1389 4340 quiae·

54 4367 181 4431 recent,
218 4358 321 4419 donec
351 4352 476 4416 ineundi
507 4353 712 4437 magistratus
743 4353 810 4416 dies
842 4357 1039 4416 adventaret.
1085 4353 1193 4432 Quare
1224 4351 1254 4414 in
1289 4370 1388 4433 pero·

52 4450 178 4515 ratione
202 4469 266 4512 non
290 4446 465 4511 dissimulat
493 4447 633 4518 Cicero,
665 4448 835 4509 Murenam
863 4449 941 4511 nrale
965 4447 1122 4510 valentem
1149 4447 1255 4509 dicere
1282 4458 1387 4509 tamett

50 4566 178 4608 causam
201 4554 347 4605 coactum
370 4541 469 4606 lusisse
489 4542 520 4605 vi
542 4562 645 4605 novae
667 4540 766 4625 legis:
791 4542 956 4613 obsecro,
981 4540 1129 4616 iudices,
1153 4552 1192 4603 ut
1214 4561 1255 4602 ne
1277 4539 1388 4604 bomi-

50 4640 106 4706 nis
127 4639 250 4703 miseri
271 4650 304 4701 et
326 4659 404 4700 cum
425 4639 584 4721 corporis
607 4636 744 4710 morbo,
775 4620 848 4698 tfirn
870 4635 978 4698 animi
1000 4634 1120 4698 dolore
1142 4634 1310 4727 consecti,
1341 4638 1386 4699 L.

51 4738 229 4803 Meuanas
251 4746 421 4799 recentem
442 4731 712 4818 gratulationem
734 4751 823 4794 nava
843 4730 1087 4794 lamentatione
1108 4729 1276 4797 obruatis.
