3202 5318
568 336 720 404 tubex
740 329 922 406 Leonti.
1344 340 1405 408 917

82 484 229 563 civitate,
250 504 321 546 cum
342 502 382 545 ex
401 481 564 548 Mamilia
586 480 758 567 rogatione
781 493 847 544 tres
869 479 1069 566 qusesitores
1089 496 1299 567 rogarentur,
1324 488 1404 553 elie·

83 593 188 653 cecat,
213 581 258 643 uti
278 579 348 661 ipse
366 576 394 639 iu
411 598 450 640 eo
467 597 599 641 numero
615 586 834 659 quaereretur.
879 577 941 639 Sed
965 576 1113 659 quiaestio
1134 577 1268 642 exercita
1292 603 1406 666 aspere

83 676 304 758 violenterque
331 693 372 734 ex
400 692 530 735 rutruore
557 681 587 734 et
615 668 752 733 lubidine
777 668 898 752 plebis.
934 679 968 732 ut
996 689 1092 751 saepe
1117 669 1328 753 nobilitatem,
1359 680 1406 746 sie

82 791 119 836 ea
150 778 339 852 tempestate
368 766 492 850 plebem
521 788 561 829 ex
591 765 735 829 rectrudis
765 766 861 829 rebus
894 762 1060 830 insolentia
1092 768 1255 846 ceperat?
1288 779 1405 847 salust,

82 864 122 929 lu
150 909 158 927 .
183 886 213 925 c.
238 864 290 926 to.
1207 876 1213 885 ·

125 886 147 950 g
170 958 242 1032 ,Ea
264 968 450 1038 tempestate
472 956 598 1038 plebes,
623 951 788 1019 nobilitate
810 953 881 1020 iuss
904 980 962 1039 per
982 959 1086 1046 legem
1111 962 1326 1038 Mamiliam,
1348 984 1407 1028 uo·

80 1074 143 1118 vos
166 1050 376 1117 extollebat.’'
408 1049 527 1114 Salust.
552 1050 624 1131 lug.
647 1071 678 1113 c.
702 1049 753 1112 65.
777 1092 816 1104 -
849 1051 1030 1125 „Salustius
1057 1066 1170 1120 auctor
1197 1068 1244 1119 est
1266 1056 1296 1119 iu
1319 1056 1406 1123 bello

71 1146 278 1232 ¹Iugurthino
308 1146 352 1209 L.
378 1143 538 1227 Opimium
561 1143 724 1209 Mamilia
746 1143 817 1228 lege
845 1146 1041 1225 damnatum,
1078 1152 1165 1232 quod
1188 1150 1350 1214 rideretur
1375 1151 1406 1215 iu

84 1263 120 1306 es
152 1241 329 1326 legatione,
365 1260 427 1323 qus
454 1260 524 1301 cum
555 1237 671 1300 ceteris
698 1238 826 1301 iunctus
855 1250 903 1303 est
928 1245 1012 1323 spud
1033 1244 1240 1327 Iurgurtbsm,
1274 1245 1407 1327 pecunie

83 1356 153 1400 esse
170 1336 379 1417 corritptus.''
401 1331 511 1397 smol.
534 1332 620 1396 Bob.
643 1354 677 1413 p.
701 1333 776 1397 311.
799 1367 840 1380 -
864 1335 1074 1419 „Rogatione
1089 1338 1267 1417 Mamilia,
1290 1338 1409 1423 Iugur·

81 1428 188 1492 thiriae
216 1426 444 1492 coniurationis
470 1426 604 1502 invidia,
639 1449 708 1489 cum
736 1447 797 1509 pro
827 1448 895 1492 sese
925 1428 995 1512 ipse
1025 1430 1176 1507 dixisset,
1207 1431 1264 1511 (C.
1288 1433 1406 1513 Galba)

82 1544 261 1607 oppressus
283 1522 364 1585 est.’'
388 1522 482 1584 Brut.
506 1522 563 1595 33,
589 1520 661 1582 stt.
685 1565 723 1575 -
748 1520 936 1603 „invidiosa
957 1523 1030 1609 lege
1045 1512 1209 1591 Mamilia
1222 1526 1407 1610 quisestiooe

84 1617 126 1684 C.
152 1617 287 1681 Galbam
310 1618 507 1680 sacerdotem
533 1627 563 1678 et
585 1625 737 1698 quattuor
759 1616 962 1692 consulares,
992 1619 1032 1685 L.
1059 1618 1215 1695 Bestiam,
1241 1618 1283 1684 C.
1309 1618 1408 1685 Cato·

81 1734 174 1786 nem,
209 1714 268 1792 Sp.
293 1709 443 1774 Albinum
468 1708 631 1792 civemque
658 1709 956 1789 praestantissimum
986 1713 1029 1778 L.
1055 1711 1232 1795 Opimium,
1268 1712 1407 1779 Gracchi

79 1806 335 1877 interfectorem,
360 1827 376 1867 a
402 1805 524 1886 populu
547 1803 744 1877 absolutum,
769 1824 839 1865 cum
864 1803 891 1865 is
913 1818 1027 1869 contra
1051 1806 1162 1889 populi
1183 1806 1319 1871 studium
1342 1821 1407 1873 ste·

79 1901 184 1972 tissct,
210 1899 388 1963 Gracchani
412 1898 529 1961 iudices
551 1894 781 1960 sustulerunt.’'
815 1897 909 1961 Brut.
933 1900 993 1975 31,
1018 1901 1091 1965 128.

165 1995 202 2057 Iu
226 1994 313 2061 editt.
336 1993 426 2076 vulg.
451 1988 646 2070 (Ciceronis)
668 2003 715 2052 est
737 1993 908 2067 Manilia,
934 2014 1013 2075 quae
1030 1994 1153 2083 uomina
1170 1996 1407 2060 couitsudsustur

79 2086 262 2169 saepissime
284 2087 315 2148 iu
335 2086 438 2149 libris.
484 2086 582 2166 Apud
604 2083 774 2148 Salustium
799 2083 911 2167 optimi
936 2086 1062 2150 codices
1085 2099 1116 2150 et
1135 2086 1277 2173 plerique
1293 2092 1408 2154 babent

78 2180 282 2253 Mamilius,
305 2182 360 2243 sed
383 2179 524 2243 nonnulli
546 2192 648 2243 tamen
668 2178 852 2243 Maniliius
875 2191 906 2243 et
925 2181 1083 2245 Mallius.
1128 2183 1208 2244 Item
1225 2184 1309 2263 apud
1325 2183 1404 2248 Gel-

78 2274 155 2338 lium
178 2277 242 2340 VI.
268 2277 320 2337 11.
364 2272 547 2337 Mamilius
570 2272 709 2335 defendit
730 2270 821 2335 etiam
845 2271 982 2356 Pighius
999 2275 1117 2338 Annei.
1135 2276 1177 2338 T.
1196 2275 1262 2339 111.
1279 2296 1313 2358 p.
1333 2278 1405 2341 193.

80 2367 159 2431 Vid.
182 2367 275 2449 plura
299 2368 380 2448 apud
404 2366 551 2431 Curtium
574 2368 613 2428 ad
635 2365 752 2429 Sslstst.
778 2366 801 2429 1.
825 2388 855 2429 c.
899 2368 950 2431 De
972 2365 1130 2430 nominum
1152 2369 1276 2432 illorum
1293 2369 1408 2433 conlu-

80 2462 171 2525 siooe
194 2461 259 2524 vid.
285 2473 314 2523 et
338 2461 471 2524 Gruter.
492 2460 530 2522 sd
546 2459 619 2523 Cic.
636 2463 674 2523 de
691 2458 753 2522 Or.
771 2460 798 2522 1.
816 2460 869 2524 58.
915 2461 1061 2544 interpp.
1085 2462 1124 2523 ad
1146 2460 1223 2525 Liv.
1247 2460 1405 2526 XXVII.

80 2555 132 2620 35.
155 2565 186 2618 et
210 2575 285 2618 mox
308 2552 340 2618 iu
364 2553 567 2620 Maniliauis
590 2553 748 2639 Legibus.
786 2554 870 2617 Euu.

650 2714 845 2781 Musteus..

164 2838 287 2911 ,Nam
314 2857 391 2900 eum
419 2836 450 2900 is
479 2834 535 2914 (C.
563 2834 732 2916 Manilius)
759 2836 918 2901 tribunus
940 2836 1049 2920 piebis
1079 2838 1124 2918 (a.
1149 2859 1182 2900 u.
1206 2836 1296 2917 686.)
1317 2838 1407 2917 duas

78 2935 169 3015 leges
191 2931 328 2993 tulisset
350 2932 385 2993 iu
409 2954 450 2993 eo
474 2931 700 3013 magistratu,
730 2952 835 2993 uuam
855 2932 1107 3014 perniciosam,
1138 2935 1283 2994 alteram
1307 2954 1405 3013 egre·

77 3024 201 3109 giam]
226 3024 354 3087 Dictum
381 3036 429 3087 est
451 3025 542 3086 etiam
566 3046 663 3105 supra
687 3028 724 3086 de
750 3025 799 3088 bis
824 3025 968 3109 legibus:
1001 3046 1132 3109 quarum
1157 3047 1216 3088 tina
1239 3025 1280 3088 de
1305 3025 1405 3088 liber-

77 3120 230 3182 tinorum
251 3117 454 3206 suffragiis,
480 3120 576 3182 altera
600 3119 642 3181 de
656 3120 742 3183 bello
764 3119 1006 3183 Mithridatico
1029 3123 1091 3185 Cn.
1114 3122 1278 3203 Pompeio
1299 3131 1405 3183 extra

78 3213 235 3277 ordinem
258 3212 489 3277 inemtanctoss’
528 3212 689 3303 Asconius
712 3212 742 3274 iu
766 3212 899 3277 Cornel.
922 3235 957 3296 p.
982 3213 1021 3277 65
1043 3234 1115 3298 seq.

205 3372 364 3434 titis-mm
385 3371 427 3433 de
449 3372 687 3435 libertinorum
708 3370 906 3459 suffiagiis.

171 3493 225 3583 Τῷ
248 3492 339 3557 ἔθνει
366 3494 410 3584 τῷ
432 3494 493 3557 τῶν
515 3489 746 3581 ἀπελευθέρων
767 3488 1023 3580 παρασκευάσας
1045 3491 1137 3572 τινας
1159 3496 1193 3560 ἐκ
1216 3495 1274 3561 τοῦ
1289 3488 1406 3577 ὁμίλου

79 3586 307 3675 ψηφίσασθαι
328 3586 409 3670 μετὰ
432 3588 494 3652 τῶν
516 3582 842 3675 ἐξελευθεαωσάντων
864 3590 954 3678 σφᾶς
975 3588 1086 3655 ἔδωκε.
1109 3590 1174 3655 e'nei
1201 3592 1237 3656 dl
1259 3584 1406 3667 Λούκιος

84 3677 245 3757 Τούλλιος
272 3686 328 3745 καὶ
356 3677 511 3763 Aiuiluue
537 3684 683 3758 Λέπιδος
711 3676 881 3747 ὑπατεύειν
909 3679 1061 3766 ἤρξαντο,
1090 3679 1147 3747 τὸν
1173 3678 1275 3766 νόμον
1301 3678 1406 3748 αὐτοῦ

79 3770 351 3863 ἀπεψηφίσαντο.
386 3775 449 3838 Dio
473 3771 565 3837 cass.
590 3775 757 3838 XXXVI.
780 3775 834 3837 95.
858 3806 898 3817 -
923 3823 937 3848 „
950 3777 1072 3859 Legem
1099 3776 1140 3838 de
1166 3775 1406 3840 libertinorum

79 3866 267 3957 suffragiis
290 3868 458 3932 Cornelius
482 3871 520 3932 0.
537 3869 688 3932 Manilio
703 3868 803 3943 dedit,
814 3868 832 3892 ”
855 3868 878 3932 i.
895 3891 924 3931 e.
941 3869 1024 3931 illius
1040 3869 1120 3954 legis
1140 3868 1277 3932 Manilio
1293 3878 1405 3930 auctor

77 3963 150 4026 iuit.
182 3960 318 4025 Cornel.
342 3962 460 4041 fragm.
484 3963 515 4024 3.
540 3985 573 4042 p.
599 3962 672 4023 tt8.
696 3996 737 4007 -
768 4015 784 4042 ‚‚
796 3963 837 4025 P.
863 3963 1038 4044 Sulpicium
1055 3966 1134 4025 bane
1154 3965 1283 4025 eandem
1299 3960 1403 4043 legem

78 4057 106 4120 iu
123 4056 288 4119 tribunatu
307 4055 553 4138 significavimus
570 4054 713 4117 tulisse.”
749 4056 874 4119 Ascou.
895 4056 924 4118 iu
942 4055 1077 4121 Cornel.
1102 4079 1137 4138 p.
1158 4056 1211 4118 61.
1235 4085 1276 4097 -
1300 4054 1406 4133 „Ma-

77 4151 202 4226 nilius,
234 4150 315 4213 sicut
339 4150 399 4212 iam
423 4149 634 4222 ostendimus,
660 4160 732 4229 post
754 4150 911 4230 pauculos
937 4150 1042 4212 statim
1067 4149 1151 4224 dies,
1177 4169 1269 4232 quam
1291 4146 1406 4209 inierat

79 4246 290 4319 tribunatum,
317 4245 418 4329 legem
443 4247 572 4309 eandem
597 4242 832 4324 Compitalibus
855 4242 1024 4326 pertulit.'’
1047 4246 1169 4307 Ascon.
1193 4263 1227 4323 p.
1252 4240 1305 4303 65.

161 4340 213 4403 Dc
236 4352 425 4418 argttmcuto
453 4338 543 4400 buius
570 4336 650 4420 legis
676 4336 883 4400 conserantur
913 4340 1001 4421 leges
1023 4336 1176 4418 Sulpicia
1197 4348 1229 4398 et
1250 4335 1406 4400 Manliae

78 4456 135 4518 pec
159 4456 239 4522 quas
262 4437 301 4497 ab
324 4434 391 4497 aliis
414 4431 572 4496 seditiosis
595 4430 729 4494 tribunis
750 4431 851 4513 plebis
875 4434 982 4494 eadem
1005 4451 1056 4493 res
1077 4441 1195 4491 tentata
1218 4440 1279 4492 est.

207 4595 364 4657 illuuiem
374 4594 414 4656 de
422 4593 507 4657 bello
516 4590 759 4658 Mithridatico
763 4592 895 4674 percu.
906 4588 1105 4672 Pompeium
1113 4587 1403 4653 administrando.

169 4769 185 4799 ‚,
196 4716 277 4781 Cum
301 4727 383 4778 esset
408 4714 440 4777 io
467 4714 530 4777 linc
555 4714 672 4777 bellum
693 4711 865 4777 Pit-aticum
889 4722 920 4774 et
940 4712 983 4775 L.
1007 4711 1160 4774 Lucullus
1181 4708 1262 4774 idem
1286 4710 1403 4775 bellum

85 4811 188 4874 adbuc
210 4810 460 4885 administraret,
483 4808 655 4873 Manilius
675 4805 820 4871 tribunus
841 4806 945 4889 plebis
959 4826 1086 4890 semper
1100 4805 1219 4871 venalis
1237 4815 1269 4870 et
1284 4805 1403 4869 alienae
