3202 5318
148 331 211 396 san
484 302 491 314 “
547 327 698 394 runnx
720 327 1071 403 nonuununnm.

233 470 442 552 Cooptarc
474 467 511 531 in
541 480 721 533 senatum
752 472 850 553 (apud
880 470 1032 550 Siculos).
1064 471 1166 533 Verr.
1196 471 1321 538 Aecus.
1355 475 1473 556 9,10,

148 567 209 629 190
231 577 262 629 et
287 564 359 627 122.

231 657 456 739 Cooptatio
479 658 687 744 collegiorum
710 661 922 722 sacerdotum.
947 658 1041 722 Lacl.
1066 658 1124 733 25,
1155 659 1209 722 96.

231 753 388 819 Corona
423 752 563 817 civica.
617 754 655 816 ld
687 753 778 817 ctiam
810 752 953 838 gregarii
986 752 1100 816 milites
1132 752 1255 817 lacinnt
1284 755 1402 836 inriti,
1442 772 1473 823 ut

145 869 332 915 coronam
357 848 432 908 dent
453 846 621 931 civicam
643 860 726 911 etse
746 849 786 910 ab
804 848 910 931 aliquo
928 859 1076 912 serratos
1095 869 1165 912 esse
1180 849 1364 929 fateantur,
1388 858 1474 938 quod

145 964 225 1011 onus
246 937 392 1005 beneficii
413 939 635 1005 reformidant.
658 963 720 1025 pro
744 942 877 1007 Plancio
901 942 960 1017 30,
985 942 1035 1005 79.

229 1036 392 1104 Corona
415 1054 583 1099 consessus
605 1035 740 1099 iudicum
764 1035 901 1098 cinctus.
935 1057 996 1117 pro
1020 1037 1156 1114 Mitt,
1182 1040 1210 1103 1.

228 1131 392 1198 Corona
422 1128 576 1192 virtute
603 1143 733 1212 parta.
779 1131 862 1194 Vide
892 1131 1052 1195 Homini
1082 1144 1256 1196 mortuo.

228 1228 370 1295 Cretio
400 1225 594 1290 hereditatis.
639 1227 692 1288 Ex
722 1247 761 1287 co
787 1225 930 1310 cognovi
957 1227 1179 1292 cretionem
1212 1226 1346 1305 Cluvii,
1371 1267 1413 1279 -
1435 1268 1470 1280 -

141 1325 311 1391 liberam
350 1322 573 1386 cretionem
606 1319 737 1383 testibus
776 1320 1016 1410 praesentibus,
1054 1320 1220 1405 sexaginta
1261 1322 1391 1389 diebus.
1430 1329 1470 1389 ad

142 1423 214 1487 Ast.
240 1421 296 1495 13,
322 1420 382 1494 16,
406 1415 438 1478 3.
461 1450 501 1461 -
523 1415 611 1479 Puto
628 1413 854 1478 cretionem
878 1414 1099 1495 simplicem
1121 1412 1238 1493 firiiee,
1264 1419 1469 1501 quoniamst

141 1536 191 1578 me
214 1515 298 1578 nulla
321 1512 414 1575 missa
439 1520 496 1575 est.
520 1511 559 1570 ad
580 1510 651 1573 Arr.
676 1511 732 1584 11,
760 1509 816 1583 12,
842 1510 873 1570 1.
898 1509 999 1573 -Iu
1025 1509 1218 1574 cretionibus
1240 1512 1343 1576 scribi
1369 1514 1466 1578 solet:

142 1608 296 1689 Quibus
318 1606 436 1670 sciam
460 1615 703 1687 poteroque.
738 1605 776 1666 de
800 1605 862 1668 Or.
888 1605 919 1679 1,
948 1604 1007 1679 99,
1034 1606 1106 1667 101.

225 1701 387 1768 Crimen
408 1701 519 1761 haeret
542 1697 572 1760 in
595 1697 715 1781 aliquo.
738 1719 801 1780 pro
827 1696 938 1762 Caelio
963 1701 1000 1774 7,
1027 1699 1078 1761 15.
1102 1735 1143 1745 -
1164 1700 1207 1764 ln
1231 1698 1384 1767 crimen
1408 1724 1469 1769 ro·

140 1797 236 1863 cari.
259 1817 323 1878 pro
346 1797 381 1858 S.
404 1791 529 1857 Roscio
552 1794 627 1855 Am.
653 1792 708 1867 13,
735 1790 788 1855 38.

79 1884 83 1892 ’
226 1889 322 1956 Cuia
345 1908 408 1950 res
429 1884 495 1950 sit.
539 1885 623 1948 Vide
647 1884 923 1950 Consuetudo.

50 2021 54 2031 ‹
226 1983 301 2049 Cui
334 1987 438 2047 bono
474 1970 612 2042 luerit.
658 1978 844 2044 Cassianum
871 1980 948 2043 illud
980 1979 1055 2046 Cui
1085 1984 1191 2046 bono
1221 1982 1369 2049 leserit.
1410 2007 1469 2070 pro

140 2078 218 2144 Mil.
243 2080 300 2154 19,
326 2079 379 2141 39.
413 2078 451 2137 61
474 2075 554 2138 Her.
578 2075 613 2151 9,
640 2076 677 2149 1,
703 2076 734 2138 6.
766 2096 827 2157 pro
851 2076 883 2141 S.
908 2075 1029 2141 Roscio
1054 2080 1130 2142 Am.
1154 2078 1213 2158 30,
1235 2078 1289 2143 81.
1328 2080 1469 2165 Philipp.

139 2175 178 2252 2,
205 2175 261 2249 11,
285 2173 339 2236 35.

224 2266 299 2335 cui
320 2268 439 2329 heres
462 2285 542 2328 non
565 2263 760 2329 exstabit.
791 2285 852 2346 pro
875 2263 1006 2345 Quinct.
1031 2264 1088 2340 19,
1114 2265 1166 2327 60.

223 2361 350 2428 Cuius
382 2359 577 2442 pecuniae
609 2356 693 2420 dies
722 2358 887 2435 suisset,
922 2371 1014 2421 vetus
1038 2371 1132 2442 atque
1162 2357 1275 2422 usitata
1298 2362 1464 2447 exceptio,

139 2456 285 2541 petitoris
307 2476 402 2518 causa
424 2463 620 2536 comparata.
656 2454 693 2513 de
718 2452 778 2516 Or.
806 2457 841 2528 1,
866 2452 925 2528 37,
952 2453 1025 2516 163.

221 2548 387 2615 Celeus.
431 2546 597 2612 Parricida
620 2546 775 2610 insutus
797 2545 833 2608 in
858 2548 1025 2610 culeum.
1049 2569 1110 2630 pro
1138 2550 1173 2611 S.
1200 2546 1327 2612 Roscio
1351 2549 1463 2614 Amen.

140 2649 199 2721 11,
216 2646 268 2708 30.
288 2680 319 2690 -
332 2641 515 2706 Parricidae
539 2639 646 2703 insui
669 2641 839 2704 volucrunt
861 2641 996 2723 majores
1019 2640 1122 2705 nostri
1146 2640 1181 2703 in
1197 2639 1358 2704 culeum
1374 2643 1466 2707 viros

138 2751 232 2824 atque
254 2739 295 2800 ita
317 2736 349 2800 in
371 2736 486 2798 flumen
509 2734 612 2798 deiici.
646 2733 727 2797 lbid.
753 2736 811 2810 25,
838 2737 891 2797 70.

224 2832 319 2897 Cum
341 2828 511 2909 imperio
534 2850 631 2892 esse.
655 2831 693 2890 ad
717 2830 808 2892 Fam.
834 2832 870 2904 1,
898 2833 934 2903 1,
960 2831 991 2896 3.

222 2925 316 2991 Cum
340 2924 422 2985 telo
446 2944 546 2986 csse.
592 2924 665 2984 Lex
686 2943 749 2984 uon
766 2921 923 2986 homiuem
941 2923 1060 2999 occidi,
1086 2927 1140 2985 scd
1159 2945 1247 2986 csse
1272 2945 1356 2987 cum
1381 2927 1462 2989 telo

137 3018 308 3085 hominis
332 3017 542 3081 occidendi
564 3037 684 3077 carisa
709 3027 805 3078 vetat.
841 3039 901 3098 pro
927 3017 1003 3080 Mil.
1029 3020 1066 3092 1,
1093 3020 1143 3078 11.

222 3110 388 3177 Curare.
434 3110 547 3173 Recita
576 3109 611 3172 S.
640 3107 682 3173 C.
708 3110 873 3173 Videtisne
899 3111 1042 3193 praetori
1069 3114 1193 3174 urbano
1215 3112 1384 3194 negotium
1410 3115 1461 3174 da-

137 3220 219 3284 tum,
247 3218 287 3269 ut
315 3216 496 3277 citrarct,
528 3225 572 3265 ue
600 3202 638 3264 id
668 3224 823 3266 sucrum
855 3217 964 3268 esset
986 3219 1047 3269 cet.
1085 3207 1153 3268 Pro
1182 3208 1279 3269 domo
1304 3207 1363 3284 53,
1390 3207 1459 3270 137.

137 3303 174 3362 16
196 3302 340 3380 Harusp.
363 3319 450 3379 resp.
474 3299 513 3372 8,
540 3298 591 3359 15.

220 3390 486 3465 Curationes,
510 3390 730 3473 magistratus,
755 3393 943 3457 sacerdotia.
972 3394 1074 3455 Verr.
1099 3394 1217 3456 Aecus.
1243 3393 1279 3471 2,
1306 3397 1367 3474 51,
1392 3397 1458 3459 196.

220 3485 395 3551 Curiata
418 3484 496 3546 lex.
542 3484 621 3546 Vid.
645 3485 729 3547 Lex
751 3487 920 3549 curiata.

221 3579 370 3645 Custos
394 3578 503 3641 urbis
527 3578 691 3641 Minerva.
715 3581 755 3641 61
778 3580 868 3643 Fam.
895 3581 955 3657 12,
980 3582 1036 3655 25,
1062 3584 1094 3644 1.

219 3674 277 3740 Da
300 3672 391 3737 mihi
414 3671 696 3736 testimonium
720 3663 900 3737 m'utuum.
946 3675 1118 3753 Flaccl,
1144 3678 1196 3737 10.

219 3767 414 3835 Damnari
438 3767 605 3849 octupli.
638 3768 738 3832 Vcrr.
765 3771 885 3831 Aecus.
910 3769 946 3844 3,
973 3772 1030 3845 11,
1055 3770 1108 3832 28.
1140 3803 1180 3814 --
1217 3770 1457 3857 Quadruplo

133 3862 401 3929 condemnari.
435 3862 520 3927 Ibid.
545 3861 601 3937 13,
626 3863 679 3923 31.

115 4020 120 4029 ,
216 3956 360 4023 Damni
392 3954 539 4019 infecti
572 3955 668 4018 satis
702 3957 806 4019 dare.
853 3959 953 4020 Verr.
990 3960 1110 4022 Aecus.
1147 3960 1185 4035 1,
1220 3959 1279 4036 56,
1315 3961 1390 4025 110.
1420 3996 1457 4008 -·

131 4050 273 4119 Damni
295 4050 434 4114 inlecti
456 4049 714 4131 promittere.
761 4050 877 4134 Topic.
903 4053 941 4127 1,
966 4052 1019 4115 99.

217 4147 400 4210 Damnum
423 4147 549 4206 datum
574 4165 657 4206 esse
681 4154 805 4225 paret.
834 4166 895 4225 pro
920 4145 1028 4209 'l'ullio
1054 4149 1084 4208 7.
1108 4147 1191 4227 (12.)

216 4239 403 4303 Damnum
427 4237 586 4300 iniuria.
621 4258 681 4318 pro
705 4236 815 4305 'l'ullio
840 4240 899 4314 10,
925 4239 978 4302 11.
999 4240 1067 4318 (uhi
1091 4240 1156 4305 v‘id.
1181 4240 1308 4321 Beier.)

217 4333 323 4395 Dare
352 4332 488 4395 lacere
521 4343 732 4414 oportere.
786 4330 953 4395 Arbitrum
987 4334 1111 4418 adegit,
1149 4334 1455 4420 quidquidtibi

132 4427 226 4489 dare
248 4425 386 4488 lacere
411 4438 623 4508 oporteret
647 4449 690 4489 ex
714 4423 796 4488 lide
819 4428 936 4489 bona.
972 4430 1010 4491 16
1035 4429 1102 4492 off.
1126 4428 1163 4504 3,
1190 4431 1247 4504 16,
1271 4431 1327 4493 65.

204 4517 267 4581 'De
290 4521 457 4583 armatis
478 4520 720 4584 hominibus.
753 4541 814 4602 pro
838 4524 881 4584 A.
906 4519 1044 4585 Caecina
1068 4524 1127 4598 31,
1151 4522 1206 4587 01.

214 4612 271 4675 De
293 4614 411 4677 caelo
433 4636 615 4678 servare.
659 4615 811 4697 Augures
832 4629 948 4699 negant
971 4617 1019 4678 las
1043 4638 1112 4680 esse
1135 4615 1187 4703 agi
1210 4637 1282 4679 cnm
1307 4619 1449 4702 popule,

131 4720 201 4765 cutm
226 4707 266 4767 16
289 4707 379 4770 66616
401 4720 559 4777 serratum
581 4706 634 4774 sit.
657 4709 726 4777 Pro
750 4710 846 4773 domo
872 4710 927 4789 15,
950 4710 1003 4785 39.
1027 4745 1068 4759 -
1091 4708 1236 4804 Philipp.
1261 4713 1298 4792 2,
1319 4714 1377 4792 39,
1396 4715 1449 4782 81.
