3202 5318
72 356 75 371 ’
132 370 151 430 5
715 370 868 435 INDEX

136 511 276 599 ἄκυρον,
300 512 489 576 valetudini
502 513 663 590 fideliter
684 512 919 600 ipseruiendo:
943 516 1025 576 unde
1046 512 1078 575 in
1100 513 1193 576 istum
1215 514 1319 577 locum
1335 517 1458 595 fideli·

134 617 190 669 ter
210 608 325 670 venit?
351 611 400 670 cui
424 609 525 672 verbo
549 606 740 672 domicilium
764 618 812 670 est
832 608 1000 691 proprium
1032 609 1062 670 in
1093 607 1221 682 officio,
1253 608 1460 692 migrationes

135 703 167 765 in
191 703 324 765 alienum
354 701 482 764 multae.
536 704 617 766 Nam
649 715 680 766 et
709 702 852 766 doctrina
884 715 916 766 et
946 704 1058 767 dorrrus
1086 715 1118 766 ct
1140 722 1192 764 ars
1214 714 1246 765 et
1268 724 1347 787 ager
1369 706 1461 769 etiam

134 797 235 860 fidelis
269 795 329 859 1111
358 808 482 877 potest:
513 809 545 859 ut
576 797 634 872 sit,
668 799 831 881 qrromoclo
867 799 1099 882 Theophrasto
1129 797 1253 879 placet,
1283 806 1464 866 verecunda

134 893 302 957 tralatio.''
347 893 385 953 ad
408 892 501 955 Fam.
525 893 626 956 XVI.
652 895 710 967 11,
736 894 768 956 1.

214 988 320 1065 ”Αλη,
360 987 524 1051 urrxietas
556 999 589 1051 et
618 986 815 1050 sollicitudo
841 989 950 1050 animi
979 1008 1150 1072 nusquam
1178 989 1462 1072 conquiescentis.

135 1081 425 1167 ,,Η111111ἁ’λη,
449 1081 481 1144 iu
504 1103 564 1164 qtta
587 1102 672 1144 uisne
694 1102 819 1157 strenus,
843 1083 956 1145 mortis
980 1083 1120 1145 instar.''
1143 1085 1181 1144 ad
1203 1083 1277 1146 Att.
1301 1084 1347 1148 X.
1371 1090 1400 1162 1,
1428 1090 1461 1153 1.

214 1183 391 1263 Ἀλίμενα,
414 1179 492 1240 toea
511 1187 620 1259 portu
641 1177 814 1250 carentia,
838 1178 914 1241 loeo
935 1178 1161 1260 importuoso.
1208 1228 1224 1257 „
1237 1174 1297 1237 Illa
1320 1184 1461 1266 ἀλίμενα

133 1273 229 1337 video
252 1272 311 1336 tihi
333 1294 395 1334 non
418 1270 588 1352 probarI.”
613 1272 654 1332 11
677 1272 749 1333 Att.
775 1272 840 1335 IX.
865 1272 921 1345 13,
947 1273 979 1335 5.

211 1368 310 1443 ιἈλις
346 1369 456 1450 δρυός,
492 1366 580 1431 sotis
606 1387 772 1451 quereus,
803 1367 1013 1448 proverbium
1044 1368 1081 1429 de
1111 1369 1226 1448 priscis
1254 1365 1459 1448 hominihus,

133 1462 189 1545 qui
214 1462 342 1526 inventa
369 1462 467 1544 fruge
497 1462 627 1545 glandes
656 1461 891 1545 relinquebam.
945 1462 1068 1536 „Dices
1100 1463 1264 1531 lortasse:
1299 1462 1461 1547 dignitatis

134 1558 208 1633 ἅλις
228 1567 387 1642 tamqnam
411 1556 527 1644 δρυός,
552 1554 663 1631 saluti,
687 1556 712 1617 si
737 1577 784 1618 ms
807 1576 909 1631 amas,
935 1557 1102 1620 eonsule.'’
1124 1562 1163 1620 ad
1185 1564 1258 1627 Att.
1274 1564 1322 1628 II.
1340 1565 1399 1638 19,
1428 1567 1459 1627 1.

135 1640 306 1717 81111Ἳίδί
333 1650 494 1738 dignitatis
523 1661 586 1728 est,
618 1661 654 1714 ut
675 1673 739 1715 non
763 1672 844 1734 opus
867 1650 906 1714 sit
929 1654 967 1715 11
990 1673 1024 1714 ea
1048 1653 1179 1717 ulterius
1202 1660 1346 1742 augenda
1369 1659 1462 1743 cogi·

133 1757 217 1813 tare.
241 1749 326 1812 Ena.

209 1843 307 1919 ’Ἀλις
330 1847 490 1922 σπουδῆς,
515 1841 601 1904 sutis
622 1840 730 1903 studii
751 1851 785 1904 et
806 1862 944 1923 operae.
987 1843 1026 1903 ad
1048 1843 1119 1907 Art.
1142 1844 1189 1908 11.
1214 1849 1244 1920 1,
1270 1847 1301 1911 8.

213 1937 577 2019 ιΑλιτενής,1111111111,
599 1938 739 2018 planus.
777 1935 862 2015 „Me
884 1933 989 2016 ipsum
1007 1936 1130 1999 nescire
1146 1939 1331 2018 arbitraris,
1356 1955 1462 2007 utrum

134 2032 235 2117 magis
257 2033 388 2096 tumulis
409 2043 649 2117 prospectuque
672 2052 710 2094 an
734 2029 1298 2098 1111111111011ἁλιι·εν1ῑ11111111.”
1329 2039 1370 2099 ad
1388 2039 1460 2101 Au.

133 2128 235 2193 XIV.
260 2129 320 2203 13,
346 2130 376 2190 1.

211 2222 374 2309 “Alamos
401 2221 472 2289 iuo’
500 2227 557 2289 ἰ’να
585 2233 630 2297 τίς
655 2245 692 2286 σε
715 2231 772 2286 καὶ
794 2220 963 2303 ὀψιγόνων
988 2216 1025 2288 εὖ
1050 2228 1131 2308 εἴπῃ.
1176 2228 1345 2289 Stremsus
1367 2239 1461 2302 esto,

133 2341 201 2404 quo
222 2330 255 2382 te
276 2330 310 2382 et
333 2316 571 2401 posteriorum
598 2316 743 2396 (eorum
764 2316 823 2400 qui
842 2328 922 2398 post
945 2316 1155 2399 noscentur)
1180 2320 1303 2403 aliquis
1331 2321 1460 2385 lantes.

133 2415 173 2476 ad
196 2413 287 2477 Fam.
310 2411 412 2477 XIII.
437 2412 496 2487 15,
522 2414 553 2474 1.
578 2432 618 2474 ex
640 2411 776 2474 Homeri
799 2411 918 2490 Odyss.
943 2438 982 2484 ιι,
1007 2412 1082 2473 302.

213 2510 305 2575 Ἀλλ’
326 2517 394 2574 αἰεί
415 2532 489 2573 τινα
511 2511 608 2588 φῶτα
629 2519 752 2591 μέγαν,
784 2506 845 2568 sed
865 2526 1001 2587 semper
1024 2506 1136 2569 virum
1163 2508 1313 2593 aliquem
1340 2509 1462 2594 ingen-

85 2620 89 2629 ·
132 2615 218 2680 tem,
250 2622 292 2665 ex
313 2601 450 2666 Homeri
473 2601 594 2681 Odyss.
626 2629 656 2676 ι,
692 2603 767 2664 513.
812 2601 1023 2680 „Exhaustus
1045 2611 1093 2662 est
1114 2622 1220 2665 sermo
1243 2600 1406 2666 hominnm
1430 2616 1462 2667 et

133 2697 251 2761 multae
281 2695 411 2758 emissae
434 2696 494 2758 iam
519 2693 673 2758 eiusmodi
696 2716 811 2767 voces,
843 2698 912 2759 ἀλλ’
931 2702 998 2759 αἰεί
1023 2721 1096 2759 τινα
1118 2700 1214 2776 φῶτα
1237 2711 1353 2780 μέγαν·
1379 2719 1460 2781 quae

135 2802 169 2856 te
190 2792 321 2854 absente
343 2790 490 2853 conlecta
513 2810 584 2852 esse
607 2788 753 2851 laetor.'’
798 2790 836 2850 ad
861 2789 903 2868 Q.
928 2788 970 2851 11.
993 2788 1022 2849 I.
1048 2810 1100 2869 cp.
1125 2791 1212 2854 2.1.
1238 2795 1274 2863 1,
1301 2792 1333 2852 2.

211 2883 1466 2971 ἽΜΗΜώὼἎΜῶωΗψωὼΜΜΜΑΜΨῶΜ

134 2979 208 3063 ipse
228 2978 323 3061 (1111.
345 2976 594 3060 excogitabo),
624 2975 696 3037 alia
717 2987 833 3038 uectem
855 2977 907 3040 nel
927 2976 1012 3038 111111
1035 2990 1213 3061 suggeret.
1238 2981 1277 3042 ad
1298 2982 1371 3044 Att.
1396 2985 1462 3047 IX.

135 3075 196 3150 15,
221 3074 253 3136 I.
277 3094 318 3135 ex
341 3071 478 3135 Homeri
501 3070 621 3150 Odyss.
645 3098 682 3154 γ,
719 3071 758 3132 26
782 3082 814 3132 ct
836 3071 890 3133 27.

216 3169 325 3234 Ἀλλὰ
346 3168 386 3231 rei
403 3178 463 3250 pet-r
481 3166 703 3251 προτετύχθαι
726 3166 886 3249 ἑάσομςν,
911 3167 1090 3250 ἀχνύμενοί
1109 3195 1186 3256 περ,
1205 3169 1267 3232 sed
1286 3172 1370 3234 haec
1387 3174 1464 3258 qui·

135 3264 229 3339 elem,
255 3273 441 3347 prensante
462 3272 543 3323 acta
565 3270 665 3336 sunt,
688 3260 904 3336 omittemus,
934 3261 1011 3323 lieet
1031 3284 1110 3325 eum
1132 3284 1302 3327 maerore.
1326 3269 1366 3327 ad
1388 3269 1461 3330 Att.

133 3359 217 3423 VII.
242 3360 277 3432 1,
304 3357 335 3420 9.
360 3358 408 3419 Χ.
434 3356 489 3432 12,
515 3355 547 3467 1.
571 3376 612 3418 ex
634 3354 772 3421 Homeri
793 3354 886 3418 11111.
910 3382 949 3429 σ,
977 3357 1050 3420 112.
1074 3368 1163 3433 etr,
1193 3359 1247 3422 65.

217 3454 308 3519 'All’
331 3453 412 3536 ἐμὸν
431 3449 546 3515 οὔποτε
562 3450 670 3534 θυμὸν
686 3460 735 3516 ἐνὶ
754 3449 930 3530 στήθεσσιν
952 3449 1084 3527 ἕπειθες.
1102 3456 1281 3539 Πατρίδος.
1327 3455 1367 3517 ad
1388 3456 1462 3519 Au.

136 3546 221 3611 VII.
247 3549 282 3620 1,
315 3547 347 3608 2.
401 3546 487 3608 Ante
517 3550 672 3629 πατρίδος
693 3545 808 3627 supple
829 3565 871 3606 ex
893 3545 1027 3608 Homeri
1052 3547 1171 3627 Odyss.
1196 3575 1227 3622 ι,
1260 3548 1314 3611 st.
1338 3551 1381 3625 ὥς
1407 3554 1463 3616 οὐ-

137 3647 191 3708 δὲν
207 3642 338 3725 γλύκιον
356 3638 415 3721 rig:
436 3640 506 3704 sed
527 3661 640 3702 merem
660 3660 838 3724 uunquam
858 3639 1014 3702 unitarum
1035 3642 1072 3702 irs
1091 3652 1230 3723 pectore
1249 3643 1462 3725 permovisti.

137 3737 240 3805 Nihil
260 3736 352 3799 enim
373 3734 507 3797 1111111111
525 3734 647 3817 patria
665 3754 744 3798 suu.

220 3833 311 3898 ’All'
336 3828 416 3913 ἐμὸν
437 3829 576 3895 otiante
600 3829 706 3913 θυμὸν
730 3839 778 3894 ἑνὶ
800 3830 977 3908 στήθεσσιν
1001 3829 1150 3897 tarmen·

220 3930 285 4002 Ὠς
307 3931 424 4006 νεφέλη
448 3924 592 4003 ἐκάλυψε
611 3930 761 4008 μέλαινα.

139 4021 208 4087 set
245 4041 359 4083 meum
391 4037 566 4102 nimquam
598 4017 754 4080 animum
786 4019 822 4080 irs
853 4028 991 4099 pectore
1023 4018 1189 4113 irsflexit:
1232 4021 1338 4083 nubes
1371 4023 1464 4086 enim

141 4116 278 4201 tegebat
299 4126 392 4177 utra.
442 4113 482 4173 sd
504 4113 595 4176 Farn.
619 4112 721 4174 XIII.
748 4113 805 4188 15,
837 4116 868 4174 1.
892 4133 933 4175 ex
961 4115 1099 4179 Homeri
1129 4116 1249 4195 Odyss.
1273 4144 1310 4194 η,
1343 4115 1469 4181 tes-et

141 4240 184 4287 ω,
216 4211 291 4275 315.

224 4308 448 4389 Ἀλληγσρία,
481 4302 667 4386 allegoria,
703 4301 807 4386 ligura
836 4304 1012 4368 rhetorica.
1067 4304 1160 4376 „Iam
1197 4323 1268 4366 cum
1303 4304 1470 4369 fluxerunt

141 4400 252 4484 plures
281 4400 449 4463 continnae
479 4397 723 4472 translationes,
760 4397 819 4460 alia
848 4399 940 4481 plane
972 4398 1009 4460 lit
1046 4396 1164 4461 oratio.
1220 4398 1334 4480 Itaque
1367 4418 1469 4482 genus

140 4496 205 4559 hoc
230 4493 348 4557 Graeci
373 4493 532 4576 appellant
562 4495 780 4576 ἀλληγορίαν,
811 4493 938 4558 nonrine
969 4503 1074 4566 recte,
1109 4512 1227 4575 genere
1254 4491 1364 4555 melius
1395 4494 1466 4570 ille,

143 4589 198 4674 qui
223 4587 284 4651 ista
308 4589 411 4650 omnia
432 4587 657 4650 translationes
678 4587 811 4651 rorat.’'
856 4588 978 4653 Orator
1002 4587 1062 4662 27,
1086 4587 1140 4652 91.

224 4687 459 4770 Ἀλληγορίαι,
492 4682 594 4745 veiha
619 4682 728 4745 ulium
749 4702 888 4746 sensum
910 4700 1015 4765 quum
1036 4703 1137 4766 quem
1159 4702 1250 4765 prae
1276 4704 1313 4746 se
1326 4680 1465 4773 serunt

142 4778 314 4844 habentia.
360 4829 376 4858 ,‚
388 4776 550 4852 Posthac,
578 4775 606 4838 si
632 4787 725 4839 essunt
746 4775 821 4838 mihi
842 4774 933 4858 plura
955 4775 994 4836 ad
1015 4788 1046 4838 te
1071 4775 1255 4854 scribenda,
1286 4780 1463 4865 ἀλληγορί-

142 4900 197 4951 αις
220 4868 443 4937 obscurabo.''
487 4870 528 4931 111
548 4870 621 4935 Au.
643 4869 693 4935 II.
716 4870 776 4946 20,
798 4869 831 4933 3.
