3202 5318
133 321 175 395 81
599 368 610 387 .
732 311 883 389 100οΧ

220 470 370 556 Πότερον
396 470 488 543 δίκας
518 478 619 547 τεῖχος
645 467 759 546 ὕψιον.
783 464 999 546 Supplendnnr
1029 484 1069 526 ex
1099 457 1255 539 Platone,
1289 450 1347 549 qui
1373 458 1453 526 liaeo

137 563 244 630 itidem
270 565 379 638 refert,
410 562 560 644 ἀναβάς,
584 573 703 625 utrum
723 583 891 625 anscauso
911 561 984 623 alto
1004 579 1106 622 muro
1127 557 1294 623 iustitiae.
1338 558 1455 631 ,Nune

136 680 184 722 rue
205 658 279 722 iuva
301 653 456 733 consiliu,
492 656 629 743 πότερον
655 660 747 731 δίκας
775 668 877 733 τεῖχος
904 653 1024 733 ὕψιον,
1057 650 1088 714 id
1108 662 1174 727 est,
1208 661 1314 715 utrum
1341 660 1454 733 aperte

132 752 290 819 homiuem
314 768 466 833 asperner
488 761 520 814 et
541 769 707 832 respuam,
731 751 907 829 ἤσκολιᾱς
921 744 1088 822 ἀκοίτας·.”
1111 747 1151 809 ad
1171 746 1244 811 An.
1266 744 1372 815 xtn.
1395 742 1454 818 08,

134 846 166 910 i.
211 844 336 910 Alludit
358 840 477 908 Cicero
500 846 539 907 ad
561 844 667 907 locum
691 842 821 907 Pindari
846 862 887 905 ex
909 839 994 905 libro
1017 839 1199 923 deperdito,
1222 860 1289 923 quo
1303 836 1367 903 iarn
1381 858 1456 902 usos

133 951 219 1015 erat,
248 941 304 1002 sed
330 936 410 1012 alio,
440 956 532 1019 quam
562 934 700 1015 Cicero,
729 956 823 999 sensu
849 934 945 1000 Ptuo
968 935 1011 998 L.
1036 934 1084 998 11.
1108 935 1147 997 do
1168 933 1298 1017 republ.
1322 952 1357 1017 p.
1380 928 1455 995 506.

131 1036 184 1099 ed.
207 1030 363 1097 Francos.
407 1031 521 1095 Verba
540 1029 777 1111 Pindariapnd
795 1029 965 1093 Platonem
986 1027 1111 1112 integra
1132 1028 1212 1090 haec
1233 1036 1327 1091 sunt:
1351 1024 1456 1095 Πότε·

133 1152 194 1215 ρον
219 1124 311 1202 δίκας
338 1139 440 1205 τεῖχος
467 1125 588 1206 ὕψιον,
614 1128 636 1204 ἤ
662 1127 798 1199 σκολιᾶς
823 1124 952 1198 ἀπάτας
978 1121 1127 1203 dranus.-
1157 1132 1278 1187 mrum
1298 1122 1405 1189 rectit
1424 1132 1456 1185 et

134 1220 236 1285 iustis
259 1219 413 1295 artilires,
448 1240 495 1282 on
521 1217 610 1283 dolis
626 1217 892 1309 fraudibusque
914 1229 1014 1281 utens
1035 1227 1097 1278 oet.
1146 1213 1270 1281 Cicero
1298 1219 1339 1281 ad
1365 1214 1455 1280 sliam

134 1334 201 1376 reru
224 1311 396 1376 transtulit.
449 1310 539 1376 Scire
562 1314 650 1395 cupit
673 1334 713 1376 ex
738 1312 869 1386 Attico,
898 1309 975 1393 qnid
1000 1309 1062 1385 sibi
1087 1311 1237 1397 sordent,
1268 1322 1375 1375 utrum
1396 1332 1454 1395 pu·

132 1418 178 1471 tet
199 1428 278 1489 prae
301 1427 336 1469 se
366 1406 528 1469 lerendnur
555 1428 624 1470 esse
646 1406 758 1469 iustam
786 1406 864 1468 irun
891 1405 935 1468 in·
950 1403 1102 1485 Quintum
1128 1403 1247 1481 lilium,
1271 1426 1371 1490 quam
1396 1406 1452 1471 ob·

132 1500 290 1587 iurgando
320 1501 404 1582 apud
433 1498 603 1565 Caesarem
628 1512 802 1576 meruerat,
838 1522 877 1562 an
900 1498 1166 1562 dissimulandam.
1210 1497 1299 1562 Hinc
1319 1496 1391 1583 ipss
1409 1495 1453 1563 tie

132 1595 363 1677 interpretatur
384 1592 485 1677 prium
509 1597 626 1658 verbu:
650 1607 769 1657 ulrum
790 1606 908 1677 operte
929 1593 1103 1657 lwmiuem
1122 1593 1316 1676 adsperner
1342 1604 1378 1657 et
1400 1614 1451 1657 re·

137 1709 273 1773 optram.
318 1689 402 1751 Eun.
445 1687 545 1753 Coul'.
569 1711 598 1752 s.
622 1710 655 1752 ν.
675 1692 724 1753 Ἥ
744 1694 879 1763 σκολιᾶς
893 1688 1064 1764 ἀπάτας,
1117 1766 1121 1779 ¹
1164 1720 1171 1731 ·

224 1782 443 1865 Πουλυδάμας
468 1810 526 1865 μοι
555 1787 680 1867 πρῶτος
712 1789 874 1865 ἐλεγχείην
907 1782 1089 1860 ἀναθήσει,
1126 1780 1350 1869 l'olytiamttt¹
1372 1778 1452 1853 milti

131 1876 267 1963 primus
282 1876 451 1959 probrum
471 1876 621 1939 obiiciet.
666 1877 705 1938 ad
727 1877 799 1939 Au.
824 1877 873 1940 lt.
897 1877 935 1953 5,
968 1875 1227 1951 1.,etv11.1,
1252 1875 1286 1940 l.
1320 1894 1363 1940 ex
1383 1876 1451 1955 fln-

133 1969 213 2035 meri
233 1969 276 2033 Il.
298 1994 335 2047 χ,
359 1971 433 2031 100.
456 2004 496 2015 -
540 1970 771 2048 Polydamanta
792 1968 867 2031 dicit
890 1969 1060 2035 Catonem.

218 2065 295 2129 lloii
312 2062 442 2143 σκάφος
468 2064 504 2130 ed
524 2068 585 2129 τῶι
605 2063 799 2150 ’Λτρειδῶνς
832 2063 889 2126 noi
911 2064 1089 2149 nauigium
1110 2062 1344 2129 Atridarum?
1365 2062 1452 2147 „set

135 2156 284 2245 quonium
303 2176 363 2245 res
386 2177 425 2221 eo
448 2158 584 2220 deducta
606 2169 675 2234 est,
700 2179 763 2220 non
787 2178 956 2241 quaeram,
982 2171 1014 2220 ut
1036 2168 1071 2221 tu
1093 2155 1223 2234 scribis,
1247 2160 1315 2231 uoti
1327 2159 1453 2243 σκάφος

134 2254 170 2318 τὸ
197 2255 260 2316 τῶν
275 2252 468 2337 'Aeneadum
496 2250 571 2313 tnilti
594 2251 725 2332 σκάφος
748 2272 842 2313 trntuu
865 2250 944 2328 erit,
969 2252 1057 2336 quod
1079 2273 1097 2313 a
1117 2250 1277 2333 Pompeio
1299 2254 1454 2341 guiheno-

133 2342 259 2409 bitur2”
283 2345 322 2406 ad
344 2344 416 2407 Au.
440 2344 522 2408 Vll.
547 2345 584 2420 0,
610 2347 687 2408 5.Ε
712 2345 856 2428 Tragion
878 2356 988 2408 vetere
1012 2344 1251 2408 videnturhnee
1266 2366 1351 2411 esse.
1371 2346 1450 2411 Bru.

217 2441 469 2524 Πραγματικοί,
486 2439 710 2522 pragmatici.
756 2439 852 2520 „lan
872 2459 952 2502 vero
973 2437 1042 2521 ipsa
1060 2436 1156 2518 (iuris
1174 2435 1278 2501 civilis
1293 2438 1453 2525 cognitio)

134 2554 193 2616 per
215 2552 285 2595 sese
308 2542 458 2615 quntum
481 2532 597 2595 aflerat
626 2532 686 2610 iis,
721 2532 831 2617 quiri
859 2544 1027 2614 praesunt,
1057 2530 1210 2609 honoris,
1242 2532 1384 2617 gratiae,
1409 2535 1452 2599 ti·

135 2625 284 2712 gnitatis,
309 2625 380 2709 quis
404 2624 559 2711 ignorat?
580 2627 715 2713 ltaque,
741 2639 773 2689 ut
796 2629 879 2708 apud
901 2627 1046 2690 Graecos
1068 2624 1166 2689 infimi
1187 2626 1352 2705 homines,
1367 2626 1452 2693 'ner-

135 2721 246 2785 cedula
273 2717 422 2792 adducti,
457 2719 618 2784 ministros
642 2742 676 2784 se
706 2722 863 2802 praebent
888 2719 920 2782 in
946 2719 1070 2783 iudiciis
1097 2720 1302 2800 oratoribus,
1329 2721 1370 2799 ii,
1396 2722 1451 2807 ,qui

135 2816 220 2898 apud
242 2812 315 2875 illos
337 2825 562 2898 κραγμιιτικοί
584 2826 760 2878 vocantur:
791 2812 836 2875 sie
859 2812 889 2875 in
912 2828 1021 2877 nostra
1043 2812 1172 2877 civitate
1194 2827 1311 2897 eontra
1332 2816 1453 2903 surplis-

134 2909 232 2973 simus
254 2904 388 2991 quisque
410 2917 440 2967 et
463 2907 654 2972 clarissimus
678 2907 768 2970 vir.’'
813 2908 852 2968 de
875 2907 968 2973 Orat.
993 2907 1023 2971 1.
1048 2908 1107 2984 15,
1134 2908 1208 2972 108.
1230 2906 1273 2955 ’-
1316 2910 1451 2997 „ltaque

134 3003 179 3066 illi
202 2997 399 3064 disertissimi
422 2999 567 3065 homines
595 3001 755 3087 ministros
777 3004 895 3066 habent
916 3002 948 3065 in
979 3002 1082 3066 cattsis
1108 3000 1184 3066 iuris
1209 3004 1355 3086 peritos,
1388 3026 1452 3071 αιι

133 3097 195 3180 ipsi
208 3095 270 3159 sint
291 3090 538 3175 imperitissimi,
568 3096 633 3181 qni,
660 3109 693 3159 ut
715 3098 771 3159 abs
793 3108 825 3160 te
845 3098 954 3181 perillo
977 3108 1050 3159 ante
1072 3094 1272 3175 dictumest,
1293 3120 1454 3186 pragm-

135 3193 194 3257 tici
217 3197 385 3254 vocantur.
396 3187 416 3216 ''
445 3189 482 3251 de
506 3191 600 3255 Orat.
625 3192 654 3254 1.
679 3190 734 3267 59,
760 3192 878 3255 t5t.-
924 3243 939 3271 „
954 3195 1188 3275 linayuurmot
1212 3192 1363 3259 homines
1391 3214 1453 3259 ou·

137 3286 230 3351 nibus
252 3282 415 3364 historiis,
439 3283 641 3367 praeceptis,
672 3284 819 3348 versibus
847 3285 982 3369 denique
1011 3305 1128 3348 cavere
1150 3285 1259 3349 iubent
1288 3299 1321 3352 et
1353 3298 1455 3353 vetant

140 3374 313 3444 eredere.'’
359 3383 399 3445 ad
420 3383 493 3444 Att.
520 3379 566 3443 II.
589 3380 645 3450 20,
682 3381 714 3442 1.

221 3474 482 3563 ΙΙραγμοιτικόν,
515 3472 699 3557 negotiole.
723 3525 740 3554 ‚,
751 3476 822 3549 Tu,
846 3472 873 3536 si
896 3472 971 3559 quid
992 3474 1222 3558 πραγματικὸν
1242 3474 1360 3555 habes,
1381 3473 1455 3541 teri·

137 3571 216 3632 bes:
241 3569 289 3632 sin
313 3571 427 3646 minus,
451 3567 564 3651 populi
585 3569 807 3650 ἐπισημασίαι
822 3578 854 3630 et
868 3566 1038 3632 mimorum
1061 3568 1143 3631 diets
1163 3568 1371 3651 perscribito.
1379 3572 1398 3599 ''
1418 3571 1456 3635 ad

137 3663 211 3727 An.
233 3663 335 3728 xlv.
359 3664 396 3738 3,
421 3663 454 3724 t.

221 3761 484 3847 Πραγματικῶς,
507 3768 587 3840 apte
608 3757 656 3819 ad
677 3778 732 3821 res
753 3756 943 3840 gerendas,
973 3766 1012 3819 ut
1033 3755 1145 3821 virum
1167 3748 1455 3843 rernm'ngeudn·
1485 3804 1497 3813 .

137 3874 216 3917 rum
246 3852 400 3936 peritum
428 3853 536 3915 decet.
589 3850 737 3933 „Verum
770 3853 895 3915 attende
926 3870 1030 3927 nune,
1064 3853 1162 3916 adea
1191 3854 1264 3929 dum
1292 3852 1454 3926 nemon.

138 3968 220 4035 quae
241 3959 275 4011 tu
301 3945 332 4011 in
356 3948 416 4010 hnc
438 3948 547 4009 eadem
570 3943 663 4008 brevi
683 3944 817 4028 epistola
839 3950 1071 4035 πραγματικῶς
1094 3948 1185 4011 valde
1202 3946 1373 4033 scripsisti.
1381 3936 1458 4009 ”od

139 4040 183 4122 Q.
207 4041 251 4105 lr.
266 4040 324 4105 11.
349 4041 436 4117 151),
461 4040 492 4103 2.

223 4134 421 4224 Πρακτικός.
448 4134 528 4198 vid.
554 4135 623 4201 Τὸκ
651 4134 831 4218 πρακτικὸν
851 4142 935 4215 βίον.

223 4233 369 4316 Πρᾶξις,
386 4229 548 4321 facerim.
601 4229 686 4305 „Me
710 4229 815 4292 lacere
842 4251 986 4315 magnam
1010 4232 1128 4318 πρᾶξιν
1149 4228 1357 4297 Dolebellae.
1380 4226 1461 4295 Milli

139 4325 317 4390 mehercule
337 4322 383 4389 ita
399 4324 540 4387 videtur:
565 4344 628 4387 non
649 4322 806 4405 potuisset
828 4325 930 4388 maior
948 4324 1001 4388 tali
1023 4346 1058 4389 re
1084 4322 1202 4409 talique
1227 4335 1391 4409 tempore.
1420 4354 1459 4369 -

141 4417 216 4480 'l'ibi
240 4439 319 4482 vero
347 4416 504 4483 assentior
527 4414 675 4497 maiorem
702 4421 821 4504 πρᾶξιν
844 4418 911 4483 eius
930 4418 1022 4494 lore,
1055 4418 1081 4482 si
1103 4418 1195 4497 mihi,
1224 4420 1316 4507 quod
1336 4416 1458 4497 debuit,

141 4510 358 4577 dissolverit.’'
403 4514 444 4576 ad
465 4512 535 4575 un.
556 4511 658 4576 XIV.
684 4513 739 4587 19,
766 4512 798 4575 5.
1151 4582 1163 4601 .

224 4604 353 4691 Πρᾶξις
385 4610 574 4683 πολιτικοῦ,
595 4603 746 4696 factum
772 4604 842 4668 cive
876 4606 1021 4690 dignum
1054 4606 1106 4675 rei
1136 4606 1297 4692 publicar
1331 4606 1457 4679 dedito·

142 4749 158 4779 „
168 4697 306 4760 Auente
328 4702 446 4785 πρᾶξιν
467 4704 650 4767 πολιτικοῦ.
660 4697 679 4728 ”
723 4701 762 4761 ad
783 4697 857 4763 Au.
880 4701 928 4764 X.
952 4701 1012 4778 13,
1037 4704 1069 4765 1.

227 4792 447 4879 mentitura,
466 4794 651 4860 lenissim.
675 4795 714 4858 ad
738 4794 808 4859 Au.
831 4794 898 4859 XI.
921 4796 980 4873 17,
1005 4796 1058 4881 l.]
