<?xml version="1.0" encoding="UTF-8"?>
<!DOCTYPE html PUBLIC "-//W3C//DTD XHTML 1.0 Transitional//EN"
    "http://www.w3.org/TR/xhtml1/DTD/xhtml1-transitional.dtd">
<html xmlns="http://www.w3.org/1999/xhtml" xml:lang="en" lang="en">
 <head>
  <title>
</title>
<meta http-equiv="Content-Type" content="text/html;charset=utf-8" />
  <meta name='ocr-system' content='tesseract 3.04.00' />
  <meta name='ocr-capabilities' content='ocr_page ocr_carea ocr_par ocr_line ocrx_word'/>
</head>
<body>
  <div class='ocr_page' id='page_1' title='image "./operaquaesupers05halmgoog/operaquaesupers05halmgoog_0100.png"; bbox 0 0 3202 5318; ppageno 0'>
   <div class='ocr_carea' id='block_1_1' title="bbox 491 108 1393 182">
    <p class='ocr_par' dir='ltr' id='par_1_1' title="bbox 491 108 1393 182">
     <span class='ocr_line' id='line_1_1' title="bbox 491 108 1393 182; baseline 0.008 -7"><span class='ocrx_word' id='word_1_1' title='bbox 491 108 927 177; x_wconf 62' lang='lat' dir='ltr'>GRAECO-Lausus&amp;</span> <span class='ocrx_word' id='word_1_2' title='bbox 1352 117 1393 182; x_wconf 75' lang='grc'>19</span> 
     </span>
    </p>
   </div>
   <div class='ocr_carea' id='block_1_2' title="bbox 55 249 1480 2493">
    <p class='ocr_par' dir='ltr' id='par_1_2' title="bbox 55 249 1394 432">
     <span class='ocr_line' id='line_1_2' title="bbox 143 249 1394 339; baseline -0.002 -20"><span class='ocrx_word' id='word_1_3' title='bbox 143 255 240 339; x_wconf 70' lang='grc' dir='ltr'>Περι</span> <span class='ocrx_word' id='word_1_4' title='bbox 269 256 333 319; x_wconf 75' lang='lat' dir='ltr'>raia</span> <span class='ocrx_word' id='word_1_5' title='bbox 360 250 468 326; x_wconf 72' lang='grc' dir='ltr'><strong>ὅλοι,</strong></span> <span class='ocrx_word' id='word_1_6' title='bbox 490 249 534 313; x_wconf 82' lang='lat' dir='ltr'>de</span> <span class='ocrx_word' id='word_1_7' title='bbox 559 271 698 315; x_wconf 83' lang='lat' dir='ltr'>summu</span> <span class='ocrx_word' id='word_1_8' title='bbox 720 273 850 316; x_wconf 84' lang='lat' dir='ltr'>rerum.</span> <span class='ocrx_word' id='word_1_9' title='bbox 903 251 1059 338; x_wconf 80' lang='lat' dir='ltr'>,Aliquid</span> <span class='ocrx_word' id='word_1_10' title='bbox 1083 274 1126 317; x_wconf 84' lang='lat' dir='ltr'>ex</span> <span class='ocrx_word' id='word_1_11' title='bbox 1150 253 1219 324; x_wconf 78' lang='lat' dir='ltr'>eina</span> <span class='ocrx_word' id='word_1_12' title='bbox 1245 276 1394 325; x_wconf 69' lang='lat' dir='ltr'>remoue</span> 
     </span>
     <span class='ocr_line' id='line_1_3' title="bbox 55 344 1145 432; baseline 0.005 -23"><span class='ocrx_word' id='word_1_13' title='bbox 55 346 243 431; x_wconf 77' lang='lat' dir='ltr'>poterimus</span> <span class='ocrx_word' id='word_1_14' title='bbox 264 357 340 432; x_wconf 72' lang='grc' dir='ltr'>περὶ</span> <span class='ocrx_word' id='word_1_15' title='bbox 357 349 421 411; x_wconf 69' lang='grc' dir='ltr'>τόν</span> <span class='ocrx_word' id='word_1_16' title='bbox 446 345 532 428; x_wconf 64' lang='grc' dir='ltr'>ὅλοι</span> <span class='ocrx_word' id='word_1_17' title='bbox 547 344 747 428; x_wconf 85' lang='lat' dir='ltr'>suspicari.”</span> <span class='ocrx_word' id='word_1_18' title='bbox 791 348 832 409; x_wconf 92' lang='lat' dir='ltr'>ad</span> <span class='ocrx_word' id='word_1_19' title='bbox 852 346 926 410; x_wconf 78' lang='lat' dir='ltr'>Ars.</span> <span class='ocrx_word' id='word_1_20' title='bbox 950 345 1000 411; x_wconf 90' lang='lat'>11.</span> <span class='ocrx_word' id='word_1_21' title='bbox 1026 349 1088 423; x_wconf 81' lang='lat' dir='ltr'>ll,</span> <span class='ocrx_word' id='word_1_22' title='bbox 1111 347 1145 414; x_wconf 99' lang='grc'>3.</span> 
     </span>
    </p>

    <p class='ocr_par' dir='ltr' id='par_1_3' title="bbox 56 438 1394 616">
     <span class='ocr_line' id='line_1_4' title="bbox 146 438 1394 534; baseline 0.006 -32"><span class='ocrx_word' id='word_1_23' title='bbox 146 444 241 526; x_wconf 72' lang='grc' dir='ltr'>Περι</span> <span class='ocrx_word' id='word_1_24' title='bbox 266 444 396 521; x_wconf 69' lang='grc' dir='ltr'><strong>ψυχῆς,</strong></span> <span class='ocrx_word' id='word_1_25' title='bbox 419 438 462 503; x_wconf 84' lang='lat' dir='ltr'>ds</span> <span class='ocrx_word' id='word_1_26' title='bbox 483 438 615 504; x_wconf 84' lang='lat' dir='ltr'>animo.</span> <span class='ocrx_word' id='word_1_27' title='bbox 661 439 878 521; x_wconf 78' lang='lat' dir='ltr'>„Dicaearchi</span> <span class='ocrx_word' id='word_1_28' title='bbox 898 452 973 529; x_wconf 73' lang='grc' dir='ltr'>περὶ</span> <span class='ocrx_word' id='word_1_29' title='bbox 990 446 1099 522; x_wconf 73' lang='grc' dir='ltr'><strong><em>ψυχῆς</em></strong></span> <span class='ocrx_word' id='word_1_30' title='bbox 1120 454 1277 534; x_wconf 73' lang='lat' dir='ltr'>unusque</span> <span class='ocrx_word' id='word_1_31' title='bbox 1297 446 1394 512; x_wconf 83' lang='lat' dir='ltr'>velim</span> 
     </span>
     <span class='ocr_line' id='line_1_5' title="bbox 56 531 947 616; baseline -0.003 -15"><span class='ocrx_word' id='word_1_32' title='bbox 56 535 169 601; x_wconf 78' lang='lat' dir='ltr'>mitras</span> <span class='ocrx_word' id='word_1_33' title='bbox 189 546 224 600; x_wconf 82' lang='lat' dir='ltr'>et</span> <span class='ocrx_word' id='word_1_34' title='bbox 244 535 472 616; x_wconf 81' lang='grc' dir='ltr'><strong>καταβάσεως.</strong></span> <span class='ocrx_word' id='word_1_35' title='bbox 482 531 501 561; x_wconf 86' lang='grc'>”</span> <span class='ocrx_word' id='word_1_36' title='bbox 543 535 583 598; x_wconf 85' lang='lat' dir='ltr'>ad</span> <span class='ocrx_word' id='word_1_37' title='bbox 604 533 677 597; x_wconf 88' lang='lat' dir='ltr'>Au.</span> <span class='ocrx_word' id='word_1_38' title='bbox 700 534 806 598; x_wconf 88' lang='lat' dir='ltr'><strong>XIII.</strong></span> <span class='ocrx_word' id='word_1_39' title='bbox 831 534 890 609; x_wconf 78' lang='lat'>32,</span> <span class='ocrx_word' id='word_1_40' title='bbox 916 534 947 598; x_wconf 79' lang='grc'>9.</span> 
     </span>
    </p>

    <p class='ocr_par' dir='ltr' id='par_1_4' title="bbox 57 627 1395 1002">
     <span class='ocr_line' id='line_1_6' title="bbox 146 627 1395 720; baseline 0.003 -23"><span class='ocrx_word' id='word_1_41' title='bbox 146 629 373 717; x_wconf 75' lang='grc' dir='ltr'><strong>Περσεφόνη,</strong></span> <span class='ocrx_word' id='word_1_42' title='bbox 403 627 628 710; x_wconf 68' lang='lat' dir='ltr'><strong><em>Proserpina.</em></strong></span> <span class='ocrx_word' id='word_1_43' title='bbox 655 627 717 708; x_wconf 84' lang='lat' dir='ltr'>„Is</span> <span class='ocrx_word' id='word_1_44' title='bbox 739 629 882 707; x_wconf 88' lang='lat' dir='ltr'>(Pluto)</span> <span class='ocrx_word' id='word_1_45' title='bbox 903 629 1011 710; x_wconf 82' lang='lat' dir='ltr'><strong>rapuit</strong></span> <span class='ocrx_word' id='word_1_46' title='bbox 1032 632 1283 715; x_wconf 77' lang='lat' dir='ltr'>Proserpinam,</span> <span class='ocrx_word' id='word_1_47' title='bbox 1307 638 1395 720; x_wconf 88' lang='lat' dir='ltr'>quod</span> 
     </span>
     <span class='ocr_line' id='line_1_7' title="bbox 58 719 1395 808; baseline 0.001 -17"><span class='ocrx_word' id='word_1_48' title='bbox 58 727 266 793; x_wconf 75' lang='lat' dir='ltr'>Graecorum</span> <span class='ocrx_word' id='word_1_49' title='bbox 295 743 412 787; x_wconf 84' lang='lat' dir='ltr'>nornen</span> <span class='ocrx_word' id='word_1_50' title='bbox 438 734 502 796; x_wconf 88' lang='lat' dir='ltr'>est;</span> <span class='ocrx_word' id='word_1_51' title='bbox 537 742 574 784; x_wconf 89' lang='lat' dir='ltr'>ca</span> <span class='ocrx_word' id='word_1_52' title='bbox 597 719 680 785; x_wconf 85' lang='lat' dir='ltr'>enirn</span> <span class='ocrx_word' id='word_1_53' title='bbox 707 732 772 797; x_wconf 87' lang='lat' dir='ltr'>est,</span> <span class='ocrx_word' id='word_1_54' title='bbox 805 743 886 805; x_wconf 90' lang='lat' dir='ltr'>quae</span> <span class='ocrx_word' id='word_1_55' title='bbox 911 725 1113 808; x_wconf 74' lang='grc' dir='ltr'><strong><em>Περσεφόνη</em></strong></span> <span class='ocrx_word' id='word_1_56' title='bbox 1138 729 1264 793; x_wconf 78' lang='lat' dir='ltr'>Graece</span> <span class='ocrx_word' id='word_1_57' title='bbox 1290 729 1395 794; x_wconf 89' lang='lat' dir='ltr'>uomi-</span> 
     </span>
     <span class='ocr_line' id='line_1_8' title="bbox 57 817 1395 907; baseline 0.001 -20"><span class='ocrx_word' id='word_1_58' title='bbox 57 832 176 895; x_wconf 78' lang='lat' dir='ltr'>natnn3</span> <span class='ocrx_word' id='word_1_59' title='bbox 197 840 293 903; x_wconf 90' lang='lat' dir='ltr'>qnam</span> <span class='ocrx_word' id='word_1_60' title='bbox 314 817 444 902; x_wconf 81' lang='lat' dir='ltr'>frugum</span> <span class='ocrx_word' id='word_1_61' title='bbox 466 836 571 879; x_wconf 87' lang='lat' dir='ltr'>semen</span> <span class='ocrx_word' id='word_1_62' title='bbox 598 836 670 880; x_wconf 86' lang='lat' dir='ltr'>esse</span> <span class='ocrx_word' id='word_1_63' title='bbox 694 817 809 880; x_wconf 86' lang='lat' dir='ltr'>volunt</span> <span class='ocrx_word' id='word_1_64' title='bbox 825 819 1106 906; x_wconf 76' lang='lat' dir='ltr'>absconditamque</span> <span class='ocrx_word' id='word_1_65' title='bbox 1125 822 1237 907; x_wconf 86' lang='lat' dir='ltr'>quaeri</span> <span class='ocrx_word' id='word_1_66' title='bbox 1258 824 1395 888; x_wconf 82' lang='lat' dir='ltr'>amatre</span> 
     </span>
     <span class='ocr_line' id='line_1_9' title="bbox 59 910 784 1002; baseline -0.01 -23"><span class='ocrx_word' id='word_1_67' title='bbox 59 912 231 1002; x_wconf 80' lang='lat' dir='ltr'>lingunt.&#39;&#39;</span> <span class='ocrx_word' id='word_1_68' title='bbox 274 914 313 976; x_wconf 90' lang='lat' dir='ltr'>de</span> <span class='ocrx_word' id='word_1_69' title='bbox 336 913 415 975; x_wconf 86' lang='lat' dir='ltr'>Nat.</span> <span class='ocrx_word' id='word_1_70' title='bbox 436 910 541 976; x_wconf 89' lang='lat' dir='ltr'>Deur.</span> <span class='ocrx_word' id='word_1_71' title='bbox 566 910 616 975; x_wconf 87' lang='lat'>11.</span> <span class='ocrx_word' id='word_1_72' title='bbox 647 910 706 989; x_wconf 76' lang='lat'>26,</span> <span class='ocrx_word' id='word_1_73' title='bbox 730 912 784 973; x_wconf 89' lang='grc'>66.</span> 
     </span>
    </p>

    <p class='ocr_par' dir='ltr' id='par_1_5' title="bbox 151 998 1401 1096">
     <span class='ocr_line' id='line_1_10' title="bbox 151 998 1401 1096; baseline 0.001 -21"><span class='ocrx_word' id='word_1_74' title='bbox 151 1011 398 1090; x_wconf 67' lang='lat' dir='ltr'>flamonienses,</span> <span class='ocrx_word' id='word_1_75' title='bbox 426 1005 636 1081; x_wconf 74' lang='lat' dir='ltr'>intumesco,</span> <span class='ocrx_word' id='word_1_76' title='bbox 659 1005 823 1087; x_wconf 81' lang='lat' dir='ltr'>superbia</span> <span class='ocrx_word' id='word_1_77' title='bbox 849 1005 1007 1096; x_wconf 79' lang='lat' dir='ltr'>efferor.</span> <span class='ocrx_word' id='word_1_78' title='bbox 1028 1012 1069 1073; x_wconf 87' lang='lat' dir='ltr'>ad</span> <span class='ocrx_word' id='word_1_79' title='bbox 1095 1011 1166 1075; x_wconf 81' lang='lat' dir='ltr'>Art.</span> <span class='ocrx_word' id='word_1_80' title='bbox 1195 1014 1242 1078; x_wconf 89' lang='lat' dir='ltr'>V.</span> <span class='ocrx_word' id='word_1_81' title='bbox 1269 1013 1329 1091; x_wconf 78' lang='lat'>20,</span> <span class='ocrx_word' id='word_1_82' title='bbox 1360 998 1401 1079; x_wconf 84' lang='lat'>6.&#39;</span> 
     </span>
    </p>

    <p class='ocr_par' dir='ltr' id='par_1_6' title="bbox 58 1099 1480 1466">
     <span class='ocr_line' id='line_1_11' title="bbox 150 1099 1397 1190; baseline 0.002 -21"><span class='ocrx_word' id='word_1_83' title='bbox 150 1106 284 1183; x_wconf 72' lang='grc' dir='ltr'><strong>Πέψις,</strong></span> <span class='ocrx_word' id='word_1_84' title='bbox 310 1099 500 1166; x_wconf 84' lang='lat' dir='ltr'>concoctio.</span> <span class='ocrx_word' id='word_1_85' title='bbox 553 1099 711 1184; x_wconf 72' lang='lat' dir='ltr'>„indulge</span> <span class='ocrx_word' id='word_1_86' title='bbox 737 1100 908 1165; x_wconf 85' lang='lat' dir='ltr'>valetudini</span> <span class='ocrx_word' id='word_1_87' title='bbox 936 1112 1027 1180; x_wconf 90' lang='lat' dir='ltr'>tuac,</span> <span class='ocrx_word' id='word_1_88' title='bbox 1059 1104 1111 1169; x_wconf 91' lang='lat' dir='ltr'>cui</span> <span class='ocrx_word' id='word_1_89' title='bbox 1132 1104 1260 1190; x_wconf 88' lang='lat' dir='ltr'>quidem</span> <span class='ocrx_word' id='word_1_90' title='bbox 1277 1120 1313 1175; x_wconf 90' lang='lat' dir='ltr'>tu</span> <span class='ocrx_word' id='word_1_91' title='bbox 1341 1111 1397 1173; x_wconf 87' lang='lat' dir='ltr'>ad·</span> 
     </span>
     <span class='ocr_line' id='line_1_12' title="bbox 58 1193 1395 1286; baseline 0.002 -23"><span class='ocrx_word' id='word_1_92' title='bbox 58 1202 148 1277; x_wconf 76' lang='lat' dir='ltr'>lanc,</span> <span class='ocrx_word' id='word_1_93' title='bbox 175 1199 248 1263; x_wconf 86' lang='lat' dir='ltr'>dnm</span> <span class='ocrx_word' id='word_1_94' title='bbox 269 1193 348 1259; x_wconf 90' lang='lat' dir='ltr'>mihi</span> <span class='ocrx_word' id='word_1_95' title='bbox 361 1194 523 1269; x_wconf 85' lang='lat' dir='ltr'>deservis,</span> <span class='ocrx_word' id='word_1_96' title='bbox 548 1193 676 1257; x_wconf 80' lang='lat' dir='ltr'>servisti</span> <span class='ocrx_word' id='word_1_97' title='bbox 691 1214 755 1258; x_wconf 89' lang='lat' dir='ltr'>nun</span> <span class='ocrx_word' id='word_1_98' title='bbox 770 1193 867 1259; x_wconf 82' lang='lat' dir='ltr'>satis:</span> <span class='ocrx_word' id='word_1_99' title='bbox 891 1216 928 1259; x_wconf 89' lang='lat' dir='ltr'>ea</span> <span class='ocrx_word' id='word_1_100' title='bbox 946 1196 1021 1281; x_wconf 82' lang='lat' dir='ltr'>qrrid</span> <span class='ocrx_word' id='word_1_101' title='bbox 1036 1199 1193 1280; x_wconf 87' lang='lat' dir='ltr'>postulet,</span> <span class='ocrx_word' id='word_1_102' title='bbox 1215 1220 1280 1266; x_wconf 93' lang='lat' dir='ltr'>nun</span> <span class='ocrx_word' id='word_1_103' title='bbox 1300 1201 1395 1286; x_wconf 82' lang='lat' dir='ltr'>igno·</span> 
     </span>
     <span class='ocr_line' id='line_1_13' title="bbox 59 1288 1480 1377; baseline 0.003 -18"><span class='ocrx_word' id='word_1_104' title='bbox 59 1312 137 1359; x_wconf 70' lang='lat' dir='ltr'>ras:</span> <span class='ocrx_word' id='word_1_105' title='bbox 155 1298 275 1373; x_wconf 70' lang='grc' dir='ltr'><strong>πέψιν,</strong></span> <span class='ocrx_word' id='word_1_106' title='bbox 298 1293 460 1365; x_wconf 67' lang='lat' dir='ltr'>duorlar,</span> <span class='ocrx_word' id='word_1_107' title='bbox 483 1300 663 1375; x_wconf 75' lang='grc' dir='ltr'>περίπατον</span> <span class='ocrx_word' id='word_1_108' title='bbox 681 1288 886 1377; x_wconf 65' lang='grc' dir='ltr'><strong>σύμμετρον,</strong></span> <span class='ocrx_word' id='word_1_109' title='bbox 914 1298 1046 1374; x_wconf 73' lang='grc' dir='ltr'><strong>τέρψιν,</strong></span> <span class='ocrx_word' id='word_1_110' title='bbox 1064 1295 1220 1363; x_wconf 72' lang='grc' dir='ltr'>εὐλυσίαν</span> <span class='ocrx_word' id='word_1_111' title='bbox 1233 1295 1394 1374; x_wconf 50' lang='lat' dir='ltr'>aucune?</span> <span class='ocrx_word' id='word_1_112' title='bbox 1473 1350 1480 1369; x_wconf 73' lang='grc'>,</span> 
     </span>
     <span class='ocr_line' id='line_1_14' title="bbox 59 1384 1347 1466; baseline -0.005 -13"><span class='ocrx_word' id='word_1_113' title='bbox 59 1390 101 1453; x_wconf 80' lang='lat' dir='ltr'>ad</span> <span class='ocrx_word' id='word_1_114' title='bbox 121 1388 217 1453; x_wconf 83' lang='lat' dir='ltr'>Fam.</span> <span class='ocrx_word' id='word_1_115' title='bbox 240 1386 341 1451; x_wconf 85' lang='lat' dir='ltr'>xvl.</span> <span class='ocrx_word' id='word_1_116' title='bbox 367 1384 424 1460; x_wconf 88' lang='grc'>18,</span> <span class='ocrx_word' id='word_1_117' title='bbox 449 1386 481 1448; x_wconf 93' lang='grc'>1.</span> <span class='ocrx_word' id='word_1_118' title='bbox 1340 1453 1347 1466; x_wconf 54' lang='lat'><strong>,</strong></span> 
     </span>
    </p>

    <p class='ocr_par' dir='ltr' id='par_1_7' title="bbox 58 1477 1394 1652">
     <span class='ocr_line' id='line_1_15' title="bbox 146 1477 1394 1562; baseline 0.002 -16"><span class='ocrx_word' id='word_1_119' title='bbox 146 1480 321 1556; x_wconf 70' lang='grc' dir='ltr'><strong>Πῶιινός,</strong></span> <span class='ocrx_word' id='word_1_120' title='bbox 351 1491 456 1562; x_wconf 82' lang='lat' dir='ltr'>uptus</span> <span class='ocrx_word' id='word_1_121' title='bbox 478 1479 526 1541; x_wconf 86' lang='lat' dir='ltr'>ad</span> <span class='ocrx_word' id='word_1_122' title='bbox 545 1477 841 1555; x_wconf 75' lang='lat' dir='ltr'>persuadendum,</span> <span class='ocrx_word' id='word_1_123' title='bbox 870 1480 1068 1562; x_wconf 83' lang='lat' dir='ltr'>probabilis.</span> <span class='ocrx_word' id='word_1_124' title='bbox 1111 1484 1215 1557; x_wconf 90' lang='lat' dir='ltr'>,Sunt</span> <span class='ocrx_word' id='word_1_125' title='bbox 1234 1483 1317 1549; x_wconf 85' lang='lat' dir='ltr'>enirn</span> <span class='ocrx_word' id='word_1_126' title='bbox 1336 1505 1394 1549; x_wconf 80' lang='lat' dir='ltr'>ve·</span> 
     </span>
     <span class='ocr_line' id='line_1_16' title="bbox 58 1573 1076 1652; baseline 0.001 -12"><span class='ocrx_word' id='word_1_127' title='bbox 58 1577 228 1640; x_wconf 63' lang='lat' dir='ltr'>menter</span> <span class='ocrx_word' id='word_1_128' title='bbox 249 1575 378 1641; x_wconf 69' lang='lat' dir='ltr'>amarat</span> <span class='ocrx_word' id='word_1_129' title='bbox 398 1573 631 1652; x_wconf 65' lang='lat' dir='ltr'>&#39;Avscdxesm’&#39;</span> <span class='ocrx_word' id='word_1_130' title='bbox 675 1575 716 1635; x_wconf 83' lang='lat' dir='ltr'>ad</span> <span class='ocrx_word' id='word_1_131' title='bbox 741 1574 813 1637; x_wconf 83' lang='lat' dir='ltr'>Au.</span> <span class='ocrx_word' id='word_1_132' title='bbox 837 1574 940 1638; x_wconf 85' lang='lat' dir='ltr'><strong>XIII.</strong></span> <span class='ocrx_word' id='word_1_133' title='bbox 964 1576 1021 1651; x_wconf 83' lang='grc'>19,</span> <span class='ocrx_word' id='word_1_134' title='bbox 1045 1577 1076 1641; x_wconf 83' lang='grc'>6.</span> 
     </span>
    </p>

    <p class='ocr_par' dir='ltr' id='par_1_8' title="bbox 58 1667 1394 1942">
     <span class='ocr_line' id='line_1_17' title="bbox 144 1667 1394 1752; baseline 0.002 -15"><span class='ocrx_word' id='word_1_135' title='bbox 144 1673 270 1748; x_wconf 75' lang='lat' dir='ltr'>Illaec,</span> <span class='ocrx_word' id='word_1_136' title='bbox 290 1668 404 1743; x_wconf 84' lang='lat' dir='ltr'>nitor,</span> <span class='ocrx_word' id='word_1_137' title='bbox 427 1680 605 1744; x_wconf 74' lang='lat' dir='ltr'>nemias,</span> <span class='ocrx_word' id='word_1_138' title='bbox 633 1667 808 1743; x_wconf 85' lang='lat' dir='ltr'>sermonis,</span> <span class='ocrx_word' id='word_1_139' title='bbox 833 1668 1003 1734; x_wconf 86' lang='lat' dir='ltr'>orationis.</span> <span class='ocrx_word' id='word_1_140' title='bbox 1048 1671 1106 1752; x_wconf 80' lang='lat' dir='ltr'>„A</span> <span class='ocrx_word' id='word_1_141' title='bbox 1134 1669 1295 1739; x_wconf 82' lang='lat' dir='ltr'>Cicerone</span> <span class='ocrx_word' id='word_1_142' title='bbox 1319 1675 1394 1740; x_wconf 89' lang='lat' dir='ltr'>mihi</span> 
     </span>
     <span class='ocr_line' id='line_1_18' title="bbox 58 1760 1394 1855; baseline 0.004 -25"><span class='ocrx_word' id='word_1_143' title='bbox 58 1766 187 1830; x_wconf 81' lang='lat' dir='ltr'>litterae</span> <span class='ocrx_word' id='word_1_144' title='bbox 212 1785 289 1828; x_wconf 86' lang='lat' dir='ltr'>sane</span> <span class='ocrx_word' id='word_1_145' title='bbox 309 1776 529 1848; x_wconf 70' lang='grc' dir='ltr'>πεπινωμέιαι</span> <span class='ocrx_word' id='word_1_146' title='bbox 552 1774 582 1826; x_wconf 91' lang='lat' dir='ltr'>et</span> <span class='ocrx_word' id='word_1_147' title='bbox 604 1763 685 1825; x_wconf 85' lang='lat' dir='ltr'>bene</span> <span class='ocrx_word' id='word_1_148' title='bbox 704 1763 836 1846; x_wconf 83' lang='lat' dir='ltr'>longae.</span> <span class='ocrx_word' id='word_1_149' title='bbox 881 1760 1000 1828; x_wconf 85' lang='lat' dir='ltr'>Cetera</span> <span class='ocrx_word' id='word_1_150' title='bbox 1019 1776 1124 1829; x_wconf 88' lang='lat' dir='ltr'>autern</span> <span class='ocrx_word' id='word_1_151' title='bbox 1147 1767 1199 1831; x_wconf 87' lang='lat' dir='ltr'>vel</span> <span class='ocrx_word' id='word_1_152' title='bbox 1219 1768 1297 1855; x_wconf 83' lang='lat' dir='ltr'>fingi</span> <span class='ocrx_word' id='word_1_153' title='bbox 1315 1791 1394 1853; x_wconf 89' lang='lat' dir='ltr'>pos-</span> 
     </span>
     <span class='ocr_line' id='line_1_19' title="bbox 59 1855 1308 1942; baseline 0.001 -16"><span class='ocrx_word' id='word_1_154' title='bbox 59 1873 153 1927; x_wconf 85' lang='lat' dir='ltr'>sunt:</span> <span class='ocrx_word' id='word_1_155' title='bbox 177 1872 271 1936; x_wconf 72' lang='grc' dir='ltr'>πὶνος</span> <span class='ocrx_word' id='word_1_156' title='bbox 290 1859 469 1924; x_wconf 89' lang='lat' dir='ltr'>litterarum</span> <span class='ocrx_word' id='word_1_157' title='bbox 493 1855 651 1942; x_wconf 83' lang='lat' dir='ltr'>significat</span> <span class='ocrx_word' id='word_1_158' title='bbox 673 1856 865 1922; x_wconf 88' lang='lat' dir='ltr'>doctiorem.</span> <span class='ocrx_word' id='word_1_159' title='bbox 877 1856 895 1881; x_wconf 88' lang='grc'><em>”</em></span> <span class='ocrx_word' id='word_1_160' title='bbox 939 1861 978 1922; x_wconf 89' lang='lat' dir='ltr'>ad</span> <span class='ocrx_word' id='word_1_161' title='bbox 1002 1860 1072 1923; x_wconf 80' lang='lat' dir='ltr'>Au.</span> <span class='ocrx_word' id='word_1_162' title='bbox 1088 1862 1188 1926; x_wconf 89' lang='lat' dir='ltr'><strong>XIV.</strong></span> <span class='ocrx_word' id='word_1_163' title='bbox 1213 1865 1249 1941; x_wconf 78' lang='lat'>7,</span> <span class='ocrx_word' id='word_1_164' title='bbox 1275 1864 1308 1927; x_wconf 80' lang='lat'>2.</span> 
     </span>
    </p>

    <p class='ocr_par' dir='ltr' id='par_1_9' title="bbox 59 1952 1393 2122">
     <span class='ocr_line' id='line_1_20' title="bbox 149 1952 1393 2039; baseline -0.002 -16"><span class='ocrx_word' id='word_1_165' title='bbox 149 1958 379 2029; x_wconf 77' lang='grc' dir='ltr'><strong>Πλουδοκῶν,</strong></span> <span class='ocrx_word' id='word_1_166' title='bbox 409 1952 666 2037; x_wconf 81' lang='lat' dir='ltr'>navigationem</span> <span class='ocrx_word' id='word_1_167' title='bbox 687 1952 903 2016; x_wconf 83' lang='lat' dir='ltr'>commodam</span> <span class='ocrx_word' id='word_1_168' title='bbox 919 1964 1138 2038; x_wconf 76' lang='lat' dir='ltr'>exspectans.</span> <span class='ocrx_word' id='word_1_169' title='bbox 1161 1958 1294 2039; x_wconf 86' lang='lat' dir='ltr'>„Sedeo</span> <span class='ocrx_word' id='word_1_170' title='bbox 1310 1956 1393 2020; x_wconf 85' lang='lat' dir='ltr'>enirn</span> 
     </span>
     <span class='ocr_line' id='line_1_21' title="bbox 59 2045 666 2122; baseline -0.015 -5"><span class='ocrx_word' id='word_1_171' title='bbox 59 2048 296 2117; x_wconf 75' lang='lat' dir='ltr'>alendoxais.&#39;’</span> <span class='ocrx_word' id='word_1_172' title='bbox 341 2049 381 2111; x_wconf 87' lang='lat' dir='ltr'>ad</span> <span class='ocrx_word' id='word_1_173' title='bbox 402 2048 475 2111; x_wconf 85' lang='lat' dir='ltr'>Au.</span> <span class='ocrx_word' id='word_1_174' title='bbox 498 2048 545 2111; x_wconf 91' lang='lat' dir='ltr'>X.</span> <span class='ocrx_word' id='word_1_175' title='bbox 568 2046 609 2122; x_wconf 89' lang='lat'>8,</span> <span class='ocrx_word' id='word_1_176' title='bbox 635 2045 666 2109; x_wconf 91' lang='grc'>9.</span> 
     </span>
    </p>

    <p class='ocr_par' dir='ltr' id='par_1_10' title="bbox 143 2139 1392 2227">
     <span class='ocr_line' id='line_1_22' title="bbox 143 2139 1392 2227; baseline -0.002 -16"><span class='ocrx_word' id='word_1_177' title='bbox 143 2146 273 2220; x_wconf 69' lang='lat' dir='ltr'>morie,</span> <span class='ocrx_word' id='word_1_178' title='bbox 289 2142 480 2227; x_wconf 75' lang='lat' dir='ltr'>nauigatio.</span> <span class='ocrx_word' id='word_1_179' title='bbox 505 2139 591 2223; x_wconf 75' lang='lat' dir='ltr'>„Hie</span> <span class='ocrx_word' id='word_1_180' title='bbox 607 2151 710 2203; x_wconf 89' lang='lat' dir='ltr'>autem</span> <span class='ocrx_word' id='word_1_181' title='bbox 727 2151 862 2224; x_wconf 90' lang='lat' dir='ltr'>quantus</span> <span class='ocrx_word' id='word_1_182' title='bbox 884 2140 1030 2216; x_wconf 72' lang='grc' dir='ltr'><strong>πλοῦς1”</strong></span> <span class='ocrx_word' id='word_1_183' title='bbox 1046 2145 1087 2205; x_wconf 88' lang='lat' dir='ltr'>ad</span> <span class='ocrx_word' id='word_1_184' title='bbox 1103 2144 1173 2207; x_wconf 86' lang='lat' dir='ltr'>Att.</span> <span class='ocrx_word' id='word_1_185' title='bbox 1189 2145 1272 2209; x_wconf 87' lang='lat' dir='ltr'>XV.</span> <span class='ocrx_word' id='word_1_186' title='bbox 1289 2145 1344 2219; x_wconf 77' lang='lat'>21,</span> <span class='ocrx_word' id='word_1_187' title='bbox 1359 2146 1392 2209; x_wconf 84' lang='grc'>3.</span> 
     </span>
    </p>

    <p class='ocr_par' dir='ltr' id='par_1_11' title="bbox 58 2235 1395 2493">
     <span class='ocr_line' id='line_1_23' title="bbox 142 2235 1394 2322; baseline -0.003 -17"><span class='ocrx_word' id='word_1_188' title='bbox 142 2239 327 2313; x_wconf 77' lang='grc' dir='ltr'>Πλούτων,</span> <span class='ocrx_word' id='word_1_189' title='bbox 357 2238 476 2314; x_wconf 87' lang='lat' dir='ltr'>Pluto,</span> <span class='ocrx_word' id='word_1_190' title='bbox 507 2235 585 2301; x_wconf 82' lang='lat' dir='ltr'>Dis.</span> <span class='ocrx_word' id='word_1_191' title='bbox 639 2236 809 2316; x_wconf 86' lang='lat' dir='ltr'>„Terrena</span> <span class='ocrx_word' id='word_1_192' title='bbox 832 2246 934 2298; x_wconf 84' lang='lat' dir='ltr'>autum</span> <span class='ocrx_word' id='word_1_193' title='bbox 962 2235 1012 2299; x_wconf 86' lang='lat' dir='ltr'>vis</span> <span class='ocrx_word' id='word_1_194' title='bbox 1035 2237 1136 2300; x_wconf 87' lang='lat' dir='ltr'>omnis</span> <span class='ocrx_word' id='word_1_195' title='bbox 1162 2250 1258 2322; x_wconf 93' lang='lat' dir='ltr'>atque</span> <span class='ocrx_word' id='word_1_196' title='bbox 1280 2250 1394 2304; x_wconf 87' lang='lat' dir='ltr'>natura</span> 
     </span>
     <span class='ocr_line' id='line_1_24' title="bbox 58 2328 1395 2417; baseline -0.005 -16"><span class='ocrx_word' id='word_1_197' title='bbox 58 2331 131 2401; x_wconf 89' lang='lat' dir='ltr'>Diti</span> <span class='ocrx_word' id='word_1_198' title='bbox 154 2332 243 2417; x_wconf 89' lang='lat' dir='ltr'>patri</span> <span class='ocrx_word' id='word_1_199' title='bbox 268 2331 413 2397; x_wconf 84' lang='lat' dir='ltr'>dedicata</span> <span class='ocrx_word' id='word_1_200' title='bbox 436 2341 503 2406; x_wconf 87' lang='lat' dir='ltr'>est,</span> <span class='ocrx_word' id='word_1_201' title='bbox 540 2329 595 2415; x_wconf 89' lang='lat' dir='ltr'>qui</span> <span class='ocrx_word' id='word_1_202' title='bbox 616 2328 737 2406; x_wconf 83' lang='lat' dir='ltr'>Dives,</span> <span class='ocrx_word' id='word_1_203' title='bbox 773 2341 809 2395; x_wconf 89' lang='lat' dir='ltr'>ut</span> <span class='ocrx_word' id='word_1_204' title='bbox 827 2332 912 2412; x_wconf 89' lang='lat' dir='ltr'>apud</span> <span class='ocrx_word' id='word_1_205' title='bbox 933 2332 1080 2396; x_wconf 87' lang='lat' dir='ltr'>Graecus</span> <span class='ocrx_word' id='word_1_206' title='bbox 1102 2332 1283 2410; x_wconf 76' lang='grc' dir='ltr'>Πλούτων,</span> <span class='ocrx_word' id='word_1_207' title='bbox 1320 2331 1395 2415; x_wconf 88' lang='lat' dir='ltr'>qnia</span> 
     </span>
     <span class='ocr_line' id='line_1_25' title="bbox 58 2423 1393 2493; baseline -0.001 -1"><span class='ocrx_word' id='word_1_208' title='bbox 58 2441 91 2492; x_wconf 85' lang='lat' dir='ltr'>et</span> <span class='ocrx_word' id='word_1_209' title='bbox 121 2427 272 2493; x_wconf 76' lang='lat' dir='ltr'>recidam</span> <span class='ocrx_word' id='word_1_210' title='bbox 304 2426 409 2493; x_wconf 86' lang='lat' dir='ltr'>omnia</span> <span class='ocrx_word' id='word_1_211' title='bbox 442 2427 475 2488; x_wconf 90' lang='lat' dir='ltr'>in</span> <span class='ocrx_word' id='word_1_212' title='bbox 507 2436 610 2488; x_wconf 85' lang='lat' dir='ltr'>terras</span> <span class='ocrx_word' id='word_1_213' title='bbox 643 2436 676 2487; x_wconf 89' lang='lat' dir='ltr'>et</span> <span class='ocrx_word' id='word_1_214' title='bbox 709 2423 854 2489; x_wconf 87' lang='lat' dir='ltr'>oriantur</span> <span class='ocrx_word' id='word_1_215' title='bbox 881 2444 899 2487; x_wconf 94' lang='lat' dir='ltr'>e</span> <span class='ocrx_word' id='word_1_216' title='bbox 928 2425 1062 2490; x_wconf 83' lang='lat' dir='ltr'>terris.&#39;&#39;</span> <span class='ocrx_word' id='word_1_217' title='bbox 1117 2430 1156 2491; x_wconf 89' lang='grc' dir='ltr'>6ο</span> <span class='ocrx_word' id='word_1_218' title='bbox 1185 2428 1262 2491; x_wconf 86' lang='lat' dir='ltr'>Nat.</span> <span class='ocrx_word' id='word_1_219' title='bbox 1284 2425 1393 2491; x_wconf 88' lang='lat' dir='ltr'>Deor.</span> 
     </span>
    </p>
   </div>
   <div class='ocr_carea' id='block_1_3' title="bbox 60 2522 271 2597">
    <p class='ocr_par' dir='ltr' id='par_1_12' title="bbox 60 2522 271 2597">
     <span class='ocr_line' id='line_1_26' title="bbox 60 2522 271 2597; baseline -0.009 -10"><span class='ocrx_word' id='word_1_220' title='bbox 60 2522 108 2588; x_wconf 91' lang='lat' dir='ltr'>ll.</span> <span class='ocrx_word' id='word_1_221' title='bbox 130 2523 192 2597; x_wconf 78' lang='lat'>2⁶,</span> <span class='ocrx_word' id='word_1_222' title='bbox 215 2522 271 2586; x_wconf 92' lang='grc'>66.</span> 
     </span>
    </p>
   </div>
   <div class='ocr_carea' id='block_1_4' title="bbox 143 2612 1394 2706">
    <p class='ocr_par' dir='ltr' id='par_1_13' title="bbox 143 2612 1394 2706">
     <span class='ocr_line' id='line_1_27' title="bbox 143 2612 1394 2706; baseline -0.006 -23"><span class='ocrx_word' id='word_1_223' title='bbox 143 2616 333 2696; x_wconf 68' lang='lat' dir='ltr'>Homerici,</span> <span class='ocrx_word' id='word_1_224' title='bbox 364 2612 579 2706; x_wconf 72' lang='lat' dir='ltr'>efficientia.</span> <span class='ocrx_word' id='word_1_225' title='bbox 636 2612 817 2697; x_wconf 87' lang='lat' dir='ltr'>„Sequitur</span> <span class='ocrx_word' id='word_1_226' title='bbox 845 2613 900 2676; x_wconf 90' lang='lat' dir='ltr'>illa</span> <span class='ocrx_word' id='word_1_227' title='bbox 922 2612 1054 2690; x_wconf 84' lang='lat' dir='ltr'>divisio,</span> <span class='ocrx_word' id='word_1_228' title='bbox 1088 2626 1122 2677; x_wconf 91' lang='lat' dir='ltr'>ut</span> <span class='ocrx_word' id='word_1_229' title='bbox 1144 2617 1303 2681; x_wconf 87' lang='lat' dir='ltr'>bonorum</span> <span class='ocrx_word' id='word_1_230' title='bbox 1333 2614 1394 2677; x_wconf 89' lang='lat' dir='ltr'>alia</span> 
     </span>
    </p>
   </div>
   <div class='ocr_carea' id='block_1_5' title="bbox 59 2706 1394 4688">
    <p class='ocr_par' dir='ltr' id='par_1_14' title="bbox 59 2706 1394 2975">
     <span class='ocr_line' id='line_1_28' title="bbox 59 2706 1394 2792; baseline -0.004 -16"><span class='ocrx_word' id='word_1_231' title='bbox 59 2710 122 2776; x_wconf 81' lang='lat' dir='ltr'>sint</span> <span class='ocrx_word' id='word_1_232' title='bbox 142 2714 185 2775; x_wconf 84' lang='lat' dir='ltr'>ad</span> <span class='ocrx_word' id='word_1_233' title='bbox 207 2710 288 2775; x_wconf 86' lang='lat' dir='ltr'>illud</span> <span class='ocrx_word' id='word_1_234' title='bbox 309 2709 451 2773; x_wconf 87' lang='lat' dir='ltr'>ultimum</span> <span class='ocrx_word' id='word_1_235' title='bbox 475 2707 664 2791; x_wconf 88' lang='lat' dir='ltr'>pertinentia</span> <span class='ocrx_word' id='word_1_236' title='bbox 686 2707 750 2786; x_wconf 83' lang='lat' dir='ltr'>(sic</span> <span class='ocrx_word' id='word_1_237' title='bbox 772 2706 854 2771; x_wconf 91' lang='lat' dir='ltr'>enim</span> <span class='ocrx_word' id='word_1_238' title='bbox 877 2708 1025 2790; x_wconf 89' lang='lat' dir='ltr'>appello,</span> <span class='ocrx_word' id='word_1_239' title='bbox 1050 2730 1133 2792; x_wconf 89' lang='lat' dir='ltr'>quae</span> <span class='ocrx_word' id='word_1_240' title='bbox 1156 2711 1267 2776; x_wconf 80' lang='grc' dir='ltr'>τελικά</span> <span class='ocrx_word' id='word_1_241' title='bbox 1282 2708 1394 2774; x_wconf 82' lang='lat' dir='ltr'>‹licun-</span> 
     </span>
     <span class='ocr_line' id='line_1_29' title="bbox 61 2800 1393 2888; baseline -0.002 -19"><span class='ocrx_word' id='word_1_242' title='bbox 61 2812 151 2887; x_wconf 86' lang='lat' dir='ltr'>tar),</span> <span class='ocrx_word' id='word_1_243' title='bbox 178 2805 240 2869; x_wconf 90' lang='lat' dir='ltr'>alia</span> <span class='ocrx_word' id='word_1_244' title='bbox 258 2815 362 2869; x_wconf 82' lang='lat' dir='ltr'>auteur</span> <span class='ocrx_word' id='word_1_245' title='bbox 385 2801 577 2879; x_wconf 84' lang='lat' dir='ltr'>efficientia,</span> <span class='ocrx_word' id='word_1_246' title='bbox 601 2823 683 2886; x_wconf 90' lang='lat' dir='ltr'>quae</span> <span class='ocrx_word' id='word_1_247' title='bbox 699 2800 819 2867; x_wconf 87' lang='lat' dir='ltr'>Gracci</span> <span class='ocrx_word' id='word_1_248' title='bbox 841 2803 1013 2882; x_wconf 78' lang='grc' dir='ltr'><strong>ποιητικοί,</strong></span> <span class='ocrx_word' id='word_1_249' title='bbox 1037 2802 1097 2867; x_wconf 85' lang='lat' dir='ltr'>alia</span> <span class='ocrx_word' id='word_1_250' title='bbox 1120 2806 1331 2888; x_wconf 87' lang='lat' dir='ltr'>utrumque.”</span> <span class='ocrx_word' id='word_1_251' title='bbox 1355 2805 1393 2867; x_wconf 90' lang='lat' dir='ltr'>de</span> 
     </span>
     <span class='ocr_line' id='line_1_30' title="bbox 60 2898 418 2975; baseline -0.014 -8"><span class='ocrx_word' id='word_1_252' title='bbox 60 2899 158 2967; x_wconf 79' lang='lat' dir='ltr'>I&#39;inn.</span> <span class='ocrx_word' id='word_1_253' title='bbox 183 2898 254 2964; x_wconf 88' lang='lat' dir='ltr'>Ill.</span> <span class='ocrx_word' id='word_1_254' title='bbox 279 2901 339 2975; x_wconf 83' lang='grc'>16,</span> <span class='ocrx_word' id='word_1_255' title='bbox 364 2900 418 2964; x_wconf 93' lang='grc'>66.</span> 
     </span>
    </p>

    <p class='ocr_par' dir='ltr' id='par_1_15' title="bbox 62 2991 1394 3636">
     <span class='ocr_line' id='line_1_31' title="bbox 145 2991 1393 3078; baseline -0.002 -16"><span class='ocrx_word' id='word_1_256' title='bbox 145 2995 311 3073; x_wconf 76' lang='grc' dir='ltr'><strong>Ποιόιης,</strong></span> <span class='ocrx_word' id='word_1_257' title='bbox 336 2994 497 3078; x_wconf 78' lang='lat' dir='ltr'>qualitas.</span> <span class='ocrx_word' id='word_1_258' title='bbox 549 2992 765 3076; x_wconf 82' lang='lat' dir='ltr'>„Quolitntes</span> <span class='ocrx_word' id='word_1_259' title='bbox 786 2991 886 3078; x_wconf 86' lang='lat' dir='ltr'>igitur</span> <span class='ocrx_word' id='word_1_260' title='bbox 908 2992 1087 3076; x_wconf 88' lang='lat' dir='ltr'>appellavi,</span> <span class='ocrx_word' id='word_1_261' title='bbox 1117 3015 1196 3078; x_wconf 90' lang='lat' dir='ltr'>quas</span> <span class='ocrx_word' id='word_1_262' title='bbox 1218 2995 1393 3073; x_wconf 77' lang='grc' dir='ltr'><em>ποιότητας</em></span> 
     </span>
     <span class='ocr_line' id='line_1_32' title="bbox 64 3088 1394 3171; baseline -0.003 -17"><span class='ocrx_word' id='word_1_263' title='bbox 64 3089 182 3154; x_wconf 79' lang='lat' dir='ltr'>Graeci</span> <span class='ocrx_word' id='word_1_264' title='bbox 211 3100 347 3154; x_wconf 83' lang='lat' dir='ltr'>vocant:</span> <span class='ocrx_word' id='word_1_265' title='bbox 369 3091 457 3171; x_wconf 86' lang='lat' dir='ltr'>quud</span> <span class='ocrx_word' id='word_1_266' title='bbox 477 3088 578 3170; x_wconf 88' lang='lat' dir='ltr'>ipsum</span> <span class='ocrx_word' id='word_1_267' title='bbox 605 3089 688 3168; x_wconf 89' lang='lat' dir='ltr'>apud</span> <span class='ocrx_word' id='word_1_268' title='bbox 713 3089 859 3151; x_wconf 84' lang='lat' dir='ltr'>Graecos</span> <span class='ocrx_word' id='word_1_269' title='bbox 885 3110 950 3152; x_wconf 89' lang='lat' dir='ltr'>non</span> <span class='ocrx_word' id='word_1_270' title='bbox 974 3100 1021 3151; x_wconf 87' lang='lat' dir='ltr'>est</span> <span class='ocrx_word' id='word_1_271' title='bbox 1045 3088 1135 3171; x_wconf 84' lang='lat' dir='ltr'>volgi</span> <span class='ocrx_word' id='word_1_272' title='bbox 1158 3090 1312 3164; x_wconf 87' lang='lat' dir='ltr'>verbum,</span> <span class='ocrx_word' id='word_1_273' title='bbox 1337 3089 1394 3150; x_wconf 82' lang='lat' dir='ltr'>sed</span> 
     </span>
     <span class='ocr_line' id='line_1_33' title="bbox 62 3181 1393 3267; baseline -0.003 -18"><span class='ocrx_word' id='word_1_274' title='bbox 62 3182 374 3267; x_wconf 77' lang='lat' dir='ltr'>philosophorum.’&#39;</span> <span class='ocrx_word' id='word_1_275' title='bbox 418 3184 523 3247; x_wconf 86' lang='lat' dir='ltr'>Acud.</span> <span class='ocrx_word' id='word_1_276' title='bbox 553 3182 582 3244; x_wconf 93' lang='lat' dir='ltr'>I.</span> <span class='ocrx_word' id='word_1_277' title='bbox 612 3186 648 3255; x_wconf 83' lang='lat'>7,</span> <span class='ocrx_word' id='word_1_278' title='bbox 674 3181 728 3245; x_wconf 79' lang='grc'>96.</span> <span class='ocrx_word' id='word_1_279' title='bbox 773 3181 874 3247; x_wconf 80' lang='lat' dir='ltr'>Cunf.</span> <span class='ocrx_word' id='word_1_280' title='bbox 897 3182 924 3245; x_wconf 93' lang='lat' dir='ltr'>I.</span> <span class='ocrx_word' id='word_1_281' title='bbox 951 3183 989 3257; x_wconf 89' lang='grc'><strong>6,</strong></span> <span class='ocrx_word' id='word_1_282' title='bbox 1020 3183 1074 3245; x_wconf 76' lang='grc'>96.</span> <span class='ocrx_word' id='word_1_283' title='bbox 1095 3217 1137 3227; x_wconf 93' lang='grc'>-</span> <span class='ocrx_word' id='word_1_284' title='bbox 1180 3184 1262 3257; x_wconf 88' lang='lat' dir='ltr'>„Isti</span> <span class='ocrx_word' id='word_1_285' title='bbox 1288 3196 1393 3247; x_wconf 86' lang='lat' dir='ltr'>autern</span> 
     </span>
     <span class='ocr_line' id='line_1_34' title="bbox 63 3276 1393 3363; baseline -0.002 -21"><span class='ocrx_word' id='word_1_286' title='bbox 63 3280 335 3363; x_wconf 79' lang='lat' dir='ltr'>quemadmodum</span> <span class='ocrx_word' id='word_1_287' title='bbox 361 3288 564 3350; x_wconf 79' lang='lat' dir='ltr'>asseverant,</span> <span class='ocrx_word' id='word_1_288' title='bbox 600 3297 641 3337; x_wconf 86' lang='lat' dir='ltr'>ex</span> <span class='ocrx_word' id='word_1_289' title='bbox 671 3276 870 3358; x_wconf 84' lang='lat' dir='ltr'>corpusculis</span> <span class='ocrx_word' id='word_1_290' title='bbox 894 3298 957 3340; x_wconf 90' lang='lat' dir='ltr'>non</span> <span class='ocrx_word' id='word_1_291' title='bbox 981 3276 1109 3351; x_wconf 91' lang='lat' dir='ltr'>colore,</span> <span class='ocrx_word' id='word_1_292' title='bbox 1149 3298 1213 3341; x_wconf 91' lang='lat' dir='ltr'>nun</span> <span class='ocrx_word' id='word_1_293' title='bbox 1241 3278 1393 3362; x_wconf 88' lang='lat' dir='ltr'>qualitate</span> 
     </span>
     <span class='ocr_line' id='line_1_35' title="bbox 63 3369 1393 3458; baseline -0.004 -21"><span class='ocrx_word' id='word_1_294' title='bbox 63 3373 191 3458; x_wconf 77' lang='lat' dir='ltr'>aliqua,</span> <span class='ocrx_word' id='word_1_295' title='bbox 216 3394 311 3457; x_wconf 87' lang='lat' dir='ltr'>quam</span> <span class='ocrx_word' id='word_1_296' title='bbox 337 3371 496 3450; x_wconf 79' lang='grc' dir='ltr'>ποιότητα</span> <span class='ocrx_word' id='word_1_297' title='bbox 520 3370 637 3434; x_wconf 88' lang='lat' dir='ltr'>Graeci</span> <span class='ocrx_word' id='word_1_298' title='bbox 661 3383 796 3445; x_wconf 86' lang='lat' dir='ltr'>vocant,</span> <span class='ocrx_word' id='word_1_299' title='bbox 828 3393 893 3435; x_wconf 92' lang='lat' dir='ltr'>nun</span> <span class='ocrx_word' id='word_1_300' title='bbox 916 3393 1011 3435; x_wconf 87' lang='lat' dir='ltr'>sensu</span> <span class='ocrx_word' id='word_1_301' title='bbox 1032 3369 1206 3453; x_wconf 85' lang='lat' dir='ltr'>praeditis,</span> <span class='ocrx_word' id='word_1_302' title='bbox 1238 3375 1292 3435; x_wconf 90' lang='lat' dir='ltr'>sed</span> <span class='ocrx_word' id='word_1_303' title='bbox 1315 3392 1393 3435; x_wconf 92' lang='lat' dir='ltr'>cun-</span> 
     </span>
     <span class='ocr_line' id='line_1_36' title="bbox 65 3464 1392 3548; baseline -0.002 -18"><span class='ocrx_word' id='word_1_304' title='bbox 65 3466 269 3531; x_wconf 86' lang='lat' dir='ltr'>currentibus</span> <span class='ocrx_word' id='word_1_305' title='bbox 297 3478 418 3529; x_wconf 86' lang='lat' dir='ltr'>temere</span> <span class='ocrx_word' id='word_1_306' title='bbox 447 3477 543 3548; x_wconf 85' lang='lat' dir='ltr'>atque</span> <span class='ocrx_word' id='word_1_307' title='bbox 572 3486 666 3542; x_wconf 87' lang='lat' dir='ltr'>casu,</span> <span class='ocrx_word' id='word_1_308' title='bbox 698 3467 846 3528; x_wconf 88' lang='lat' dir='ltr'>mundum</span> <span class='ocrx_word' id='word_1_309' title='bbox 877 3486 946 3529; x_wconf 84' lang='lat' dir='ltr'>esse</span> <span class='ocrx_word' id='word_1_310' title='bbox 973 3464 1207 3548; x_wconf 81' lang='lat' dir='ltr'>perfectum?’&#39;</span> <span class='ocrx_word' id='word_1_311' title='bbox 1252 3468 1290 3530; x_wconf 91' lang='lat' dir='ltr'>de</span> <span class='ocrx_word' id='word_1_312' title='bbox 1314 3466 1392 3528; x_wconf 90' lang='lat' dir='ltr'>Nat.</span> 
     </span>
     <span class='ocr_line' id='line_1_37' title="bbox 64 3561 401 3636; baseline -0.009 -11"><span class='ocrx_word' id='word_1_313' title='bbox 64 3561 165 3627; x_wconf 86' lang='lat' dir='ltr'>Deor.</span> <span class='ocrx_word' id='word_1_314' title='bbox 188 3561 237 3625; x_wconf 91' lang='lat' dir='ltr'>ll.</span> <span class='ocrx_word' id='word_1_315' title='bbox 262 3563 322 3636; x_wconf 81' lang='grc'>31,</span> <span class='ocrx_word' id='word_1_316' title='bbox 347 3561 401 3626; x_wconf 79' lang='grc'>96.</span> 
     </span>
    </p>

    <p class='ocr_par' dir='ltr' id='par_1_16' title="bbox 65 3650 1394 3825">
     <span class='ocr_line' id='line_1_38' title="bbox 146 3650 1394 3742; baseline -0.008 -20"><span class='ocrx_word' id='word_1_317' title='bbox 146 3659 224 3722; x_wconf 83' lang='grc' dir='ltr'>Ποῖ</span> <span class='ocrx_word' id='word_1_318' title='bbox 253 3657 341 3722; x_wconf 77' lang='grc' dir='ltr'><em>ταῦτ’</em></span> <span class='ocrx_word' id='word_1_319' title='bbox 375 3654 429 3742; x_wconf 82' lang='grc' dir='ltr'>ἄρ’</span> <span class='ocrx_word' id='word_1_320' title='bbox 462 3654 670 3736; x_wconf 72' lang='grc' dir='ltr'><strong>ἀποσκήψεις</strong></span> <span class='ocrx_word' id='word_1_321' title='bbox 706 3677 874 3741; x_wconf 81' lang='lat' dir='ltr'>quorsum</span> <span class='ocrx_word' id='word_1_322' title='bbox 905 3658 988 3721; x_wconf 83' lang='lat' dir='ltr'>haee</span> <span class='ocrx_word' id='word_1_323' title='bbox 1018 3655 1157 3720; x_wconf 80' lang='lat' dir='ltr'>tandem</span> <span class='ocrx_word' id='word_1_324' title='bbox 1186 3650 1394 3736; x_wconf 77' lang='lat' dir='ltr'>erumpent?</span> 
     </span>
     <span class='ocr_line' id='line_1_39' title="bbox 65 3751 419 3825; baseline 0.003 -10"><span class='ocrx_word' id='word_1_325' title='bbox 65 3754 102 3815; x_wconf 86' lang='lat' dir='ltr'>ad</span> <span class='ocrx_word' id='word_1_326' title='bbox 121 3751 197 3816; x_wconf 82' lang='lat' dir='ltr'>Att.</span> <span class='ocrx_word' id='word_1_327' title='bbox 218 3751 304 3815; x_wconf 88' lang='lat' dir='ltr'>Xll.</span> <span class='ocrx_word' id='word_1_328' title='bbox 327 3752 365 3825; x_wconf 88' lang='grc'>6,</span> <span class='ocrx_word' id='word_1_329' title='bbox 390 3753 419 3816; x_wconf 92' lang='grc'>1.</span> 
     </span>
    </p>

    <p class='ocr_par' dir='ltr' id='par_1_17' title="bbox 145 3843 856 3932">
     <span class='ocr_line' id='line_1_40' title="bbox 145 3843 856 3932; baseline -0.003 -20"><span class='ocrx_word' id='word_1_330' title='bbox 145 3849 377 3930; x_wconf 58' lang='lat' dir='ltr'>nonnosum.</span> <span class='ocrx_word' id='word_1_331' title='bbox 402 3843 481 3909; x_wconf 82' lang='lat' dir='ltr'>vit.</span> <span class='ocrx_word' id='word_1_332' title='bbox 506 3865 534 3908; x_wconf 89' lang='lat' dir='ltr'>s.</span> <span class='ocrx_word' id='word_1_333' title='bbox 559 3866 592 3907; x_wconf 87' lang='lat' dir='ltr'>v.</span> <span class='ocrx_word' id='word_1_334' title='bbox 615 3846 856 3932; x_wconf 68' lang='grc' dir='ltr'><strong>Πιολίιιορὲιος.</strong></span> 
     </span>
    </p>

    <p class='ocr_par' dir='ltr' id='par_1_18' title="bbox 67 3937 1393 4112">
     <span class='ocr_line' id='line_1_41' title="bbox 145 3937 1393 4023; baseline -0.005 -16"><span class='ocrx_word' id='word_1_335' title='bbox 145 3944 330 4017; x_wconf 71' lang='lat' dir='ltr'>Heinsio,</span> <span class='ocrx_word' id='word_1_336' title='bbox 359 3962 416 4005; x_wconf 86' lang='lat' dir='ltr'>res</span> <span class='ocrx_word' id='word_1_337' title='bbox 440 3939 591 4023; x_wconf 84' lang='lat' dir='ltr'>publico.</span> <span class='ocrx_word' id='word_1_338' title='bbox 642 3941 776 4021; x_wconf 90' lang='lat' dir='ltr'>„Venio</span> <span class='ocrx_word' id='word_1_339' title='bbox 806 3963 889 4004; x_wconf 83' lang='lat' dir='ltr'>urrnc</span> <span class='ocrx_word' id='word_1_340' title='bbox 917 3945 957 4005; x_wconf 88' lang='lat' dir='ltr'>ad</span> <span class='ocrx_word' id='word_1_341' title='bbox 987 3963 1125 4007; x_wconf 87' lang='lat' dir='ltr'>mensem</span> <span class='ocrx_word' id='word_1_342' title='bbox 1155 3937 1338 4006; x_wconf 85' lang='lat' dir='ltr'>Ianuarium</span> <span class='ocrx_word' id='word_1_343' title='bbox 1360 3949 1393 4002; x_wconf 87' lang='lat' dir='ltr'>et</span> 
     </span>
     <span class='ocr_line' id='line_1_42' title="bbox 67 4035 1143 4112; baseline 0.001 -11"><span class='ocrx_word' id='word_1_344' title='bbox 67 4039 102 4101; x_wconf 70' lang='lat' dir='ltr'>etl</span> <span class='ocrx_word' id='word_1_345' title='bbox 120 4038 310 4105; x_wconf 69' lang='grc' dir='ltr'>ὑπόστασιν</span> <span class='ocrx_word' id='word_1_346' title='bbox 331 4047 473 4099; x_wconf 87' lang='lat' dir='ltr'>nostram</span> <span class='ocrx_word' id='word_1_347' title='bbox 505 4055 543 4097; x_wconf 88' lang='lat' dir='ltr'>ac</span> <span class='ocrx_word' id='word_1_348' title='bbox 564 4035 772 4101; x_wconf 73' lang='grc' dir='ltr'><strong>πολιτιίαν.”</strong></span> <span class='ocrx_word' id='word_1_349' title='bbox 817 4038 856 4099; x_wconf 87' lang='lat' dir='ltr'>ad</span> <span class='ocrx_word' id='word_1_350' title='bbox 878 4037 950 4100; x_wconf 84' lang='lat' dir='ltr'>Au.</span> <span class='ocrx_word' id='word_1_351' title='bbox 975 4038 1024 4102; x_wconf 94' lang='lat' dir='ltr'>II.</span> <span class='ocrx_word' id='word_1_352' title='bbox 1049 4039 1082 4112; x_wconf 89' lang='grc'>3,</span> <span class='ocrx_word' id='word_1_353' title='bbox 1112 4038 1143 4102; x_wconf 89' lang='grc'><strong>3.</strong></span> 
     </span>
    </p>

    <p class='ocr_par' dir='ltr' id='par_1_19' title="bbox 71 4126 1393 4491">
     <span class='ocr_line' id='line_1_43' title="bbox 140 4126 1389 4213; baseline -0.008 -14"><span class='ocrx_word' id='word_1_354' title='bbox 140 4134 328 4207; x_wconf 75' lang='grc' dir='ltr'><strong>Πολιτεία,</strong></span> <span class='ocrx_word' id='word_1_355' title='bbox 349 4129 431 4195; x_wconf 85' lang='lat' dir='ltr'>libri</span> <span class='ocrx_word' id='word_1_356' title='bbox 459 4129 501 4192; x_wconf 82' lang='lat' dir='ltr'>de</span> <span class='ocrx_word' id='word_1_357' title='bbox 523 4129 729 4213; x_wconf 84' lang='lat' dir='ltr'>republica.</span> <span class='ocrx_word' id='word_1_358' title='bbox 776 4131 891 4205; x_wconf 89' lang='lat' dir='ltr'>„Dicit</span> <span class='ocrx_word' id='word_1_359' title='bbox 918 4131 1001 4195; x_wconf 83' lang='lat' dir='ltr'>enirn</span> <span class='ocrx_word' id='word_1_360' title='bbox 1024 4131 1151 4212; x_wconf 88' lang='lat' dir='ltr'>(Cato)</span> <span class='ocrx_word' id='word_1_361' title='bbox 1174 4140 1334 4211; x_wconf 87' lang='lat' dir='ltr'>tamquam</span> <span class='ocrx_word' id='word_1_362' title='bbox 1357 4126 1389 4190; x_wconf 88' lang='lat' dir='ltr'>iu</span> 
     </span>
     <span class='ocr_line' id='line_1_44' title="bbox 71 4222 1393 4309; baseline -0.003 -20"><span class='ocrx_word' id='word_1_363' title='bbox 71 4224 209 4291; x_wconf 81' lang='lat' dir='ltr'>Platonis</span> <span class='ocrx_word' id='word_1_364' title='bbox 243 4232 409 4308; x_wconf 73' lang='grc' dir='ltr'><strong>πολιτείᾳ,</strong></span> <span class='ocrx_word' id='word_1_365' title='bbox 445 4246 510 4290; x_wconf 91' lang='lat' dir='ltr'>nou</span> <span class='ocrx_word' id='word_1_366' title='bbox 544 4236 703 4309; x_wconf 85' lang='lat' dir='ltr'>tamquam</span> <span class='ocrx_word' id='word_1_367' title='bbox 733 4225 763 4287; x_wconf 89' lang='lat' dir='ltr'>in</span> <span class='ocrx_word' id='word_1_368' title='bbox 796 4225 926 4290; x_wconf 86' lang='lat' dir='ltr'>Romuli</span> <span class='ocrx_word' id='word_1_369' title='bbox 961 4226 1052 4291; x_wconf 84' lang='lat' dir='ltr'>faece</span> <span class='ocrx_word' id='word_1_370' title='bbox 1080 4222 1308 4288; x_wconf 84' lang='lat' dir='ltr'>seutentiam.&#39;&#39;</span> <span class='ocrx_word' id='word_1_371' title='bbox 1352 4226 1393 4286; x_wconf 89' lang='lat' dir='ltr'>ad</span> 
     </span>
     <span class='ocr_line' id='line_1_45' title="bbox 71 4318 1391 4404; baseline 0 -21"><span class='ocrx_word' id='word_1_372' title='bbox 71 4320 134 4385; x_wconf 74' lang='lat' dir='ltr'>Att.</span> <span class='ocrx_word' id='word_1_373' title='bbox 156 4322 207 4385; x_wconf 90' lang='lat'>11.</span> <span class='ocrx_word' id='word_1_374' title='bbox 233 4325 270 4395; x_wconf 91' lang='grc'>1,</span> <span class='ocrx_word' id='word_1_375' title='bbox 295 4321 330 4383; x_wconf 89' lang='grc'><strong>8.</strong></span> <span class='ocrx_word' id='word_1_376' title='bbox 354 4352 394 4364; x_wconf 89' lang='grc'><strong>-</strong></span> <span class='ocrx_word' id='word_1_377' title='bbox 418 4320 515 4402; x_wconf 86' lang='lat' dir='ltr'>„Feci</span> <span class='ocrx_word' id='word_1_378' title='bbox 531 4320 623 4397; x_wconf 88' lang='lat' dir='ltr'>idem,</span> <span class='ocrx_word' id='word_1_379' title='bbox 648 4324 736 4404; x_wconf 89' lang='lat' dir='ltr'>qnod</span> <span class='ocrx_word' id='word_1_380' title='bbox 756 4320 787 4383; x_wconf 92' lang='lat' dir='ltr'>in</span> <span class='ocrx_word' id='word_1_381' title='bbox 804 4328 951 4400; x_wconf 77' lang='grc' dir='ltr'>πολιτείᾳ</span> <span class='ocrx_word' id='word_1_382' title='bbox 968 4323 1045 4383; x_wconf 85' lang='lat' dir='ltr'>deus</span> <span class='ocrx_word' id='word_1_383' title='bbox 1060 4319 1113 4383; x_wconf 88' lang='lat' dir='ltr'>ille</span> <span class='ocrx_word' id='word_1_384' title='bbox 1130 4329 1240 4383; x_wconf 85' lang='lat' dir='ltr'>noster</span> <span class='ocrx_word' id='word_1_385' title='bbox 1258 4318 1391 4383; x_wconf 84' lang='lat' dir='ltr'>Platu.&#39;&#39;</span> 
     </span>
     <span class='ocr_line' id='line_1_46' title="bbox 73 4415 428 4491; baseline 0.006 -15"><span class='ocrx_word' id='word_1_386' title='bbox 73 4415 195 4480; x_wconf 76' lang='lat' dir='ltr'>alAtt.</span> <span class='ocrx_word' id='word_1_387' title='bbox 220 4416 288 4480; x_wconf 84' lang='lat' dir='ltr'>lv.</span> <span class='ocrx_word' id='word_1_388' title='bbox 311 4415 371 4491; x_wconf 88' lang='grc'>16,</span> <span class='ocrx_word' id='word_1_389' title='bbox 396 4416 428 4478; x_wconf 85' lang='grc'>3.</span> 
     </span>
    </p>

    <p class='ocr_par' dir='ltr' id='par_1_20' title="bbox 78 4507 1393 4688">
     <span class='ocr_line' id='line_1_47' title="bbox 145 4507 1393 4594; baseline -0.006 -18"><span class='ocrx_word' id='word_1_390' title='bbox 145 4514 346 4584; x_wconf 72' lang='grc' dir='ltr'><strong>Πολιτεῖαι,</strong></span> <span class='ocrx_word' id='word_1_391' title='bbox 381 4509 566 4575; x_wconf 77' lang='lat' dir='ltr'>Ciuitatum</span> <span class='ocrx_word' id='word_1_392' title='bbox 594 4511 899 4594; x_wconf 79' lang='lat' dir='ltr'>gubernandarum</span> <span class='ocrx_word' id='word_1_393' title='bbox 932 4509 1099 4574; x_wconf 80' lang='lat' dir='ltr'>rationes.</span> <span class='ocrx_word' id='word_1_394' title='bbox 1151 4555 1167 4581; x_wconf 84' lang='lat'>„</span> <span class='ocrx_word' id='word_1_395' title='bbox 1175 4507 1325 4573; x_wconf 86' lang='lat' dir='ltr'>Scribere</span> <span class='ocrx_word' id='word_1_396' title='bbox 1360 4519 1393 4569; x_wconf 83' lang='lat' dir='ltr'>ct</span> 
     </span>
     <span class='ocr_line' id='line_1_48' title="bbox 78 4599 1392 4688; baseline -0.005 -20"><span class='ocrx_word' id='word_1_397' title='bbox 78 4599 168 4685; x_wconf 67' lang='lat' dir='ltr'>legere</span> <span class='ocrx_word' id='word_1_398' title='bbox 191 4603 405 4681; x_wconf 67' lang='lat' dir='ltr'>aolarstag,&#39;’</span> <span class='ocrx_word' id='word_1_399' title='bbox 429 4606 470 4667; x_wconf 89' lang='lat' dir='ltr'>ad</span> <span class='ocrx_word' id='word_1_400' title='bbox 490 4605 583 4670; x_wconf 87' lang='lat' dir='ltr'>Fam.</span> <span class='ocrx_word' id='word_1_401' title='bbox 607 4605 672 4670; x_wconf 85' lang='lat' dir='ltr'>IX.</span> <span class='ocrx_word' id='word_1_402' title='bbox 697 4605 728 4681; x_wconf 78' lang='lat'>2,</span> <span class='ocrx_word' id='word_1_403' title='bbox 753 4606 799 4682; x_wconf 88' lang='grc'>6.,</span> <span class='ocrx_word' id='word_1_404' title='bbox 825 4602 849 4668; x_wconf 92' lang='lat' dir='ltr'>i.</span> <span class='ocrx_word' id='word_1_405' title='bbox 873 4625 924 4684; x_wconf 90' lang='lat' dir='ltr'>e.,</span> <span class='ocrx_word' id='word_1_406' title='bbox 947 4616 982 4669; x_wconf 89' lang='lat' dir='ltr'>ut</span> <span class='ocrx_word' id='word_1_407' title='bbox 1005 4604 1072 4688; x_wconf 89' lang='lat' dir='ltr'>ipsc</span> <span class='ocrx_word' id='word_1_408' title='bbox 1097 4602 1215 4669; x_wconf 88' lang='lat' dir='ltr'>Cicero</span> <span class='ocrx_word' id='word_1_409' title='bbox 1233 4602 1392 4684; x_wconf 86' lang='lat' dir='ltr'>interpre-</span> 
     </span>
    </p>
   </div>
   <div class='ocr_carea' id='block_1_6' title="bbox 0 0 1614 5318">
    <p class='ocr_par' dir='ltr' id='par_1_21' title="bbox 0 0 1614 5318">
     <span class='ocr_line' id='line_1_49' title="bbox 0 0 1614 5318; baseline 0 0"><span class='ocrx_word' id='word_1_410' title='bbox 0 0 1614 5318; x_wconf 95' lang='lat' dir='ltr'> </span> 
     </span>
    </p>
   </div>
  </div>
 </body>
</html>
