3202 5318
135 326 199 395 110
615 317 768 388 Iuntx
787 317 969 386 Leonte.

134 466 246 540 menti,
270 461 477 546 Sempronise
502 460 639 529 additum
665 471 725 524 est.
769 461 851 525 Nam
878 459 926 524 uti
952 459 985 525 in
1009 459 1124 525 ceteris
1141 460 1258 538 rebus,
1282 460 1456 548 dequibus

133 560 304 645 aliquoties
324 559 366 622 ed
383 556 536 640 populum
559 554 672 632 latum,
693 567 851 638 tamquam
874 557 913 617 de
931 553 1066 632 ambitu,
1089 557 1129 618 de
1147 556 1349 637 repetundis,
1372 577 1457 620 sem·

134 674 194 735 per
221 672 339 716 summa
368 649 489 734 primae
518 647 550 712 in
575 670 614 713 eo
640 668 759 730 genere
788 648 869 735 legis
893 660 1018 712 servata
1048 659 1114 725 eet,
1146 670 1259 732 nempe
1285 661 1321 713 ut
1347 649 1401 735 agi
1421 650 1456 714 in

47 740 50 753 ¹
132 748 290 813 bominem
311 755 436 828 posset,
457 755 491 805 ut
510 762 614 825 poena
639 754 722 806 esset
739 736 860 804 crimini
875 742 1064 820 constituta,
1087 754 1191 806 cetere
1207 754 1309 806 autem
1327 747 1367 808 de
1382 766 1458 827 per·

132 841 237 917 sonis,
261 841 301 903 de
329 840 425 904 modo
449 836 575 911 indicii,
598 839 637 899 de
662 856 779 921 genere
805 856 930 917 poenae
950 847 1068 900 mutate
1087 847 1176 913 stant,
1200 836 1298 901 sicin
1321 836 1460 902 frumen-

132 933 222 999 tariis
243 933 370 1017 legibue
392 951 520 1014 semper
540 930 620 993 illud
640 952 658 994 e
680 929 870 1010 Sempronia
893 940 1053 992 servatum
1077 942 1142 1007 est,
1167 942 1201 994 ut
1223 930 1405 994 semissibus
1428 942 1461 993 ct

131 1026 300 1091 trientibus
330 1024 452 1108 populo
484 1026 697 1088 venderentur
727 1021 822 1086 modii
851 1018 987 1106 singuli,
1023 1023 1054 1086 in
1085 1023 1199 1088 ceteris
1228 1037 1333 1088 autem
1362 1026 1459 1088 rebus

133 1121 286 1205 quaedam
317 1119 421 1183 eddita
449 1128 522 1181 snat
552 1130 606 1181 ιιιι
636 1129 767 1181 multata.
812 1117 852 1180 Id
873 1138 914 1180 ex
936 1137 976 1181 eo
1004 1116 1138 1201 intelligi
1165 1129 1291 1201 potest,
1328 1122 1415 1201 quod
1440 1141 1460 1182 a

133 1212 253 1281 Clodio
274 1212 426 1277 remissos
451 1231 521 1275 esse
549 1211 673 1293 poprrlo
702 1211 832 1275 trientes
863 1233 933 1274 cum
956 1211 1138 1275 semissibus
1161 1214 1287 1276 tradunt
1309 1205 1460 1278 anctorei

131 1292 484 1375 rerum'Romanarum.
527 1303 678 1375 Ceterum
700 1326 742 1369 ex
763 1305 856 1368 dictis
877 1304 1098 1390 intelligitur„
1112 1305 1334 1388 Semproniam
1355 1306 1459 1391 legere

131 1423 227 1484 ssepe
249 1400 456 1466 intermissam
479 1421 567 1476 esse,
606 1399 773 1484 repetitam
797 1410 899 1464 autem
923 1400 975 1465 vel
997 1398 1221 1483 rogationibus
1243 1400 1459 1478 tribunorum,

132 1518 241 1562 aeirem
263 1495 450 1580 popularem
473 1494 690 1577 captantium,
719 1492 770 1560 vel
798 1495 838 1557 ab
865 1492 943 1576 ipsis
966 1492 1172 1575 optimatibus
1197 1494 1388 1560 auctoritnte
1408 1517 1462 1562 ee·

132 1603 241 1667 natus,
264 1610 336 1653 cum
359 1587 526 1653 interesset
551 1588 690 1662 senatui,
715 1599 750 1651 ut
770 1609 805 1651 se
824 1588 947 1671 populo
970 1586 1144 1671 gratiosum
1164 1582 1330 1667 redderet,
1352 1610 1461 1674 eoque

131 1683 256 1751 {acilius
278 1681 415 1753 tribunis
437 1681 539 1765 plebis
559 1680 725 1747 seditiosas
745 1683 833 1764 leges
853 1681 1042 1767 rogantibus
1062 1681 1211 1746 resistere
1232 1696 1356 1765 posset.
1379 1685 1460 1752 Vin.

134 1777 300 1857 Plutarch.
324 1777 354 1840 in
379 1775 504 1845 Catone
529 1788 560 1841 et
583 1774 684 1843 civit.
707 1776 844 1842 monitis.
887 1779 997 1858 Atque
1027 1779 1066 1840 de
1096 1777 1155 1838 bac
1181 1776 1250 1858 ipsa
1278 1778 1370 1862 lege,
1404 1791 1462 1844 aut

133 1882 220 1936 certe
249 1873 288 1937 de
315 1869 450 1944 Clodia,
482 1892 590 1937 sermo
618 1882 666 1934 est
690 1892 743 1951 ap.
770 1867 841 1936 Cic.
870 1872 909 1934 ad
939 1871 1011 1937 uu.
1033 1869 1080 1937 11.
1106 1872 1165 1945 19,
1197 1871 1230 1948 3.
1253 1870 1308 1935 ubi
1336 1871 1461 1939 Caesar

135 1965 270 2031 mitratus
303 1986 374 2029 esse
409 1963 526 2029 dicitur
561 1966 625 2048 legi
656 1963 802 2031 Itoniae
835 1976 867 2028 et
887 1962 1173 2056 srwnentorine,
1210 1967 1299 2049 quod
1330 1979 1463 2033 mortuo

134 2060 248 2142 plausu
275 2058 307 2127 in
335 2059 462 2125 theatro
491 2060 533 2123 ab
562 2057 723 2143 equitibus
752 2078 789 2120 ac
817 2058 911 2140 plebe
939 2070 1091 2140 acceptus
1113 2071 1196 2133 erat,
1231 2057 1335 2125 Citrio
1355 2071 1462 2129 aulem

135 2152 219 2216 utim
238 2173 381 2229 sirinano,
406 2155 494 2235 quod
516 2174 597 2216 senus
620 2150 768 2218 Caesaris
791 2163 822 2216 et
845 2151 992 2233 Pompeii
1014 2151 1138 2216 nimiam
1161 2152 1337 2235 potentiam
1358 2154 1462 2220 llbere

135 2247 360 2313 insectaretur.
407 2249 487 2311 ttsn
516 2247 561 2313 sic
591 2245 699 2311 ulcisci
725 2245 848 2331 equites
875 2248 1026 2329 putebat,
1059 2247 1086 2309 si
1114 2248 1268 2311 honorem
1295 2245 1330 2310 in
1358 2245 1460 2313 XIV.

136 2342 267 2408 udeodi
288 2340 459 2419 adimeret,
483 2341 608 2424 plebem
631 2352 754 2414 autem,
778 2340 805 2404 si
825 2338 1037 2413 lenimentum,
1066 2343 1153 2424 qriod
1174 2339 1293 2426 exiguo
1316 2338 1463 2422 pretio·

138 2435 330 2519 Sempronia
358 2436 428 2522 lege
456 2457 474 2499 a
497 2434 653 2501 'temnus
681 2447 713 2500 et
735 2435 851 2504 Cassio
874 2456 912 2498 ac
932 2436 1039 2517 pasrlle
1062 2445 1133 2498 ants
1155 2456 1172 2499 a
1195 2443 1305 2500 senatu
1328 2430 1463 2501 &rods

138 2529 330 2596 auctoritate
359 2527 390 2593 in
420 2529 679 2594 connsuetudinem
707 2541 739 2593 et
765 2550 855 2594 usum
882 2540 1035 2596 revocata
1056 2527 1251 2614 acciperent.
1293 2527 1463 2596 Manutius

137 2625 178 2688 ed
199 2644 269 2689 eum
293 2623 397 2688 locum
420 2643 484 2689 non
507 2624 581 2688 satis
604 2634 771 2689 accuratus
793 2636 855 2689 est.
899 2626 984 2692 Eos.

564 2798 711 2869 Caroni.
754 2802 834 2869 Vid.
857 2803 1040 2894 Lunares.

701 2976 904 3050 Consonus.

223 3105 326 3170 Verr.
349 3102 407 3169 tib.
428 3103 458 3170 Ι.
482 3103 541 3178 55.
568 3103 641 3170 113.
671 3115 745 3168 sunt
768 3106 800 3182 1)
821 3103 996 3180 formulae,
1026 3105 1140 3191 quibus
1163 3126 1314 3172 oeumres
1337 3116 1465 3173 vermes

139 3197 256 3281 templa
280 3210 332 3261 sert
355 3197 414 3261 alia
435 3218 537 3279 opera
560 3197 685 3281 publica
708 3197 899 3262 aedificanda
921 3199 1086 3274 locabant,
1116 3211 1150 3263 ut
1171 3200 1313 3264 exiise
1340 3203 1468 3267 redem-

14 3351 18 3361 ,
140 3290 289 3374 ptos-ibus
317 3302 561 3356 exstrrserentue
589 3304 621 3354 et
655 3295 868 3357 traderentur.
924 3294 977 3358 Ex
1005 3314 1046 3357 so
1072 3294 1146 3358 loco
1174 3293 1309 3380 intelligi
1337 3307 1464 3378 potest,

140 3385 216 3450 istas
238 3384 391 3450 formulas
414 3406 540 3468 semper
561 3397 700 3450 retentes
722 3386 839 3462 lesisse,
871 3389 927 3450 sed
948 3389 1008 3463 its,
1043 3398 1079 3450 ut
1107 3409 1124 3451 s
1153 3409 1189 3451 rs
1216 3388 1284 3472 ipsa
1313 3391 1466 3471 quesn·

140 3479 327 3545 censoribus
349 3479 526 3564 corrigere
548 3481 582 3542 b.
607 3501 637 3544 e.
660 3481 789 3545 neddere
810 3479 939 3544 licet-ete
977 3481 1211 3566 Corriguntur
1231 3484 1325 3569 leges
1345 3502 1466 3549 nmo·

140 3572 228 3638 rios.
270 3573 364 3658 Quid
377 3573 494 3637 enim?
518 3575 628 3640 Video
648 3576 684 3638 in
707 3575 824 3638 multis
846 3576 1013 3639 veteribus
1035 3575 1187 3659 legibus:
1207 3579 1270 3642 Cn.
1288 3574 1465 3641 bondeno

138 3671 183 3737 1..
215 3669 378 3733 Metellus
407 3678 469 3733 cet.
495 3669 704 3733 edelidsrunt
730 3681 792 3733 cet.
836 3669 870 3749 2)
893 3671 943 3734 Ds
970 3669 1125 3735 Provinc.
1154 3669 1256 3737 Cone.
1284 3691 1314 3734 c.
1346 3672 1385 3747 ⁵,
1410 3671 1463 3734 19.

143 3774 245 3828 autern
267 3762 328 3825 leae
347 3763 507 3826 censorio
527 3774 575 3825 est
596 3763 750 3839 formula,
776 3785 836 3846 qua
858 3763 1034 3846 publicanis
1055 3765 1278 3828 eceasoribus
1292 3762 1465 3850 vectigalia

143 3859 246 3922 locata
269 3866 361 3929 suut,
384 3877 466 3940 quas
488 3867 521 3919 et
542 3857 710 3941 vectigalia
732 3859 818 3940 ipsa,
852 3878 933 3944 qtrae
953 3858 1159 3934 locabantur,
1190 3870 1221 3922 et
1241 3856 1463 3934 condiciones,

143 3952 259 4039 quibus
280 3951 488 4024 locabantur,
520 3951 721 4028 continebat,
750 3963 784 4014 ut
806 3963 838 4016 et
860 3952 983 4035 populo
1005 3963 1038 4015 et
1058 3953 1316 4034 redemptoribus
1337 3953 1469 4038 prospi-

143 4060 283 4111 ceretur.
327 4044 413 4110 Hinc
435 4043 570 4111 Cicero:
602 4046 641 4112 Si
661 4046 739 4131 qui,
762 4067 809 4112 sc.
831 4047 1034 4128 prrblicanus,
1055 4046 1191 4128 pesdlico
1201 4043 1295 4136 fresi
1314 4067 1385 4112 non
1403 4068 1470 4131 po·

143 4142 211 4207 rute
231 4161 294 4222 per
314 4141 466 4213 borum,
490 4141 621 4224 tegitur
642 4140 720 4223 ipso
740 4144 816 4222 lege
836 4140 1006 4204 censorio.
1052 4139 1149 4204 Conl.
1164 4142 1206 4203 ad
1219 4139 1263 4221 Q.
1279 4139 1338 4206 Fr.
1359 4141 1391 4204 1.
1413 4161 1468 4222 ep.

104 4256 114 4293 ,·
146 4237 179 4298 1.
209 4256 240 4297 c.
272 4234 329 4306 12,
354 4233 410 4297 35.
444 4235 544 4298 Vere.
568 4233 634 4299 111.
660 4238 691 4299 7.
716 4233 830 4319 [Verr.
860 4234 916 4297 lib.
945 4235 992 4298 V.
1019 4235 1078 4311 21,
1109 4233 1163 4297 53.
1197 4235 1236 4296 de
1258 4233 1336 4298 Nat.
1359 4233 1467 4301 neor.

147 4327 214 4394 111.
238 4329 295 4398 19,
321 4327 390 4409 19.]
440 4327 510 4392 Pro
537 4327 614 4412 lege
641 4329 799 4393 censorio
828 4340 875 4391 est
897 4329 1022 4392 locatio
1043 4327 1201 4392 censorio
1220 4330 1321 4392 Verr.
1344 4328 1410 4393 111.
1431 4329 1469 4405 6,

149 4422 201 4484 td.
246 4422 321 4486 Hoc
342 4443 434 4485 sensu
459 4421 551 4485 etiam
574 4423 604 4485 in
627 4422 718 4485 libris
743 4422 823 4486 luris
846 4422 923 4489 civ.
947 4424 1103 4501 occurrit,
1135 4433 1167 4486 et
1186 4422 1366 4506 fragments
1387 4421 1472 4508 legis

147 4512 308 4578 cuiusdam
330 4516 503 4582 commiss
518 4529 590 4580 erent
612 4516 642 4579 in
666 4517 843 4582 Paudecte.
888 4515 967 4579 Vid.
991 4516 1082 4584 uste.
1104 4519 1143 4581 de
1164 4515 1303 4599 lurispr.
1321 4514 1472 4583 Muciae.

147 4631 182 4691 p.
206 4628 248 4671 m.
274 4611 334 4672 111
355 4631 425 4694 seq.
466 4611 650 4677 Censorius
679 4611 767 4697 leges
793 4622 867 4674 stunt
895 4610 928 4689 3)
950 4611 1197 4677 constitutiones
1217 4623 1249 4674 et
1269 4610 1373 4677 estus
1395 4634 1472 4678 oen·

146 4723 275 4775 sorum,
312 4703 579 4773 denotatione
605 4706 828 4792 uectigalibus
858 4706 982 4788 munli
1016 4707 1184 4784 Romani,
1222 4706 1266 4773 de
1291 4706 1471 4788 aedisti&

144 4795 309 4885 puden,
336 4796 955 4882 &penwistritmsessnrnrtes
980 4797 1230 4888 buriptiam,
1255 4799 1470 4869 adnitit-
