3202 5318
596 104 1026 189 GRAECO-LATINUS.
1429 111 1470 177 tt

135 242 349 311 citatianimi
366 255 475 335 reue,
495 205 533 312 ut
563 246 699 331 opinor,
717 251 998 335 perturbationes
1020 248 1214 328 dixerimuss
1245 252 1383 322 morbos
1411 274 1469 327 au-

133 351 200 405 te·
230 360 299 407 aon
326 339 406 405 saus
435 340 595 407 usitatc.''
649 344 748 408 Tisse.
777 345 846 420 ΙΙΙ.
871 347 910 422 l,
946 347 979 410 7.
1000 344 1043 392 -“-
1096 344 1215 428 ,Quae
1236 344 1357 413 (irasci
1378 349 1469 427 aihu
1570 366 1575 378 ’

133 447 275 512 vocam,
309 432 406 501 nobis
423 437 705 519 perturbationes
727 438 883 521 appellari
907 437 1009 524 magis
1037 441 1142 524 placet
1167 460 1261 525 quam
1287 441 1469 508 morbos.”

134 531 239 596 Tuae.
262 528 331 594 tv.
356 530 395 606 5,
428 531 482 593 to.
508 566 547 579 -
595 532 680 606 ,Est
703 533 802 618 igitur
825 533 966 597 Zenonis
988 534 1066 599 haec
1088 532 1249 611 delinitio,
1276 544 1310 598 ut
1328 548 1470 619 pertur-

132 624 230 689 batto
256 622 316 697 ait,
341 625 431 709 quoti
457 624 564 701 adhoc
586 625 638 689 ille
660 625 753 704 dicit,
786 647 897 690 aversa
920 639 1048 692 asceta
1070 627 1214 702 ratione,
1245 639 1358 692 contra
1380 641 1471 695 natu·

132 739 220 791 rain,
244 717 341 781 animi
362 717 578 784 commotio.’'
602 721 702 785 Tusc.
726 722 793 785 lv.
817 722 854 798 6,
881 725 931 786 11.
954 758 996 768 -
1040 719 1229 796 ,Cohibere
1252 734 1357 787 motus
1375 724 1469 788 animi

132 814 302 889 turbatos,
332 833 415 896 qitos
441 813 561 880 Graeci
588 815 678 895 πάθη
701 816 881 893 nominant,
915 814 1209 899 appetitioncsque,
1244 836 1323 900 qiias
1346 817 1391 881 illi
1412 821 1470 906 ὁρ-

132 907 219 991 μάς,
244 905 431 970 obedientes
453 906 583 972 efficere
604 909 735 973 rationi.
746 909 764 938 ”
807 912 846 975 de
869 909 970 975 offic.
994 909 1042 973 ΙΙ.
1064 910 1104 987 5,
1135 909 1189 973 18.

222 1000 439 1080 Habuimus,
469 1003 517 1064 ad
540 1003 797 1086 perturbandos
818 1005 955 1069 animos
978 1016 1013 1068 et
1033 1003 1257 1068 concitandos
1279 1025 1471 1070 accommo-

137 1095 274 1159 datum.
326 1095 428 1170 ,Duo
451 1108 544 1173 sunt,
575 1119 655 1182 quae
678 1099 759 1161 bene
781 1109 916 1162 tractata
939 1101 979 1162 ab
1003 1109 1135 1163 oratore
1157 1098 1372 1163 admirabilem
1403 1101 1471 1166 elo-

138 1188 297 1270 quentiam
325 1188 463 1253 iaciant:
497 1212 634 1274 quorum
665 1191 799 1256 alterum
822 1205 891 1269 est,
928 1193 1015 1278 quod
1043 1190 1160 1256 Graeci
1185 1194 1303 1273 ἠθικόν
1332 1206 1468 1271 vocant,

139 1283 181 1345 ad
204 1294 336 1348 naturas
369 1294 401 1346 et
426 1285 467 1346 ad
491 1304 599 1349 mores
628 1296 660 1349 et
689 1288 729 1367 ati
751 1308 876 1352 omnem
900 1287 984 1350 vitae
1006 1286 1264 1351 consuetudinem
1287 1308 1469 1353 accommo-

139 1378 266 1453 slatnm3
299 1377 452 1453 alterum,
488 1381 576 1462 quod
602 1378 694 1443 iidem
724 1381 906 1461 παθητικόν
931 1381 1114 1457 nominant,
1148 1402 1213 1465 qno
1240 1386 1471 1464 perturbantur

138 1471 232 1536 animi
259 1484 292 1536 et
318 1471 538 1550 concitantur,
573 1471 605 1536 in
635 1496 700 1558 quo
725 1497 788 1540 rino
810 1486 925 1558 regnat
947 1474 1094 1541 oratih.''
1146 1475 1270 1555 Orator
1295 1476 1356 1552 37,
1391 1476 1491 1547 128„

221 1570 376 1634 Παιδεία
414 1568 551 1656 Κύρου,
581 1569 757 1634 institutio
793 1571 892 1658 Cyri.
942 1570 1043 1652 Opus
1078 1580 1189 1632 notum
1226 1569 1468 1652 Xenophontis.

140 1665 336 1743 ,Παιδείαν
359 1663 495 1748 Κύρου,
517 1683 611 1747 qnam
638 1663 855 1728 contriveram
877 1665 1036 1750 legendo,
1059 1674 1160 1727 totam
1184 1662 1217 1726 in
1244 1665 1309 1729 hoc
1330 1662 1468 1747 imperio

138 1755 336 1841 explicari.”
380 1759 419 1820 st
443 1758 536 1821 Fam.
558 1757 624 1821 IX.
649 1757 708 1835 25,
735 1761 766 1821 1.
812 1756 913 1824 Cani.
936 1780 964 1822 s.
989 1780 1022 1821 v.
1045 1757 1163 1846 Κόρου
1185 1764 1329 1824 παιδεία.

219 1855 350 1928 Παῖδες
373 1856 518 1927 παίδων,
550 1851 625 1915 nati
646 1865 827 1930 natorum,
857 1853 1005 1937 posteri.
1058 1855 1098 1916 ad
1120 1853 1192 1917 Ast.
1220 1852 1322 1916 XVI.
1347 1853 1405 1929 11,
1436 1855 1468 1916 1.

218 1949 486 2030 Παλιγγενεσία,
512 1957 627 2010 status
648 1947 761 2011 nostri
782 1947 1005 2012 instauratio.
1040 1997 1056 2028 ,‚
1066 1945 1254 2011 Amicorum
1272 1944 1398 2009 litterae
1419 1968 1468 2009 me

139 2041 176 2102 ai
199 2038 399 2122 triumphum
427 2051 562 2116 vocant,
597 2060 664 2102 rem
690 2040 847 2117 anobis,
883 2052 918 2105 ut
944 2062 1010 2126 ego
1032 2039 1192 2117 arbitror,
1226 2049 1362 2122 propter
1386 2040 1470 2102 hanc

138 2142 392 2218 παλιγγενεσίαν
426 2145 565 2198 nostram
602 2155 665 2200 non
696 2134 960 2220 negligendam.'’
1009 2135 1049 2196 ad
1079 2134 1154 2197 Au.
1182 2134 1249 2198 vl.
1273 2135 1311 2208 5,
1344 2134 1376 2196 l.
1419 2133 1470 2197 lta

138 2228 280 2311 appellat
305 2240 423 2293 statum
446 2227 716 2314 dignitatemque,
741 2251 835 2312 quam
857 2239 1029 2293 revocatus
1052 2229 1093 2291 ab
1114 2225 1214 2292 exilio
1236 2226 1467 2307 recuperarat,

137 2322 365 2406 proconsulari
395 2323 488 2385 etiam
520 2320 654 2405 imperio
690 2336 855 2405 suscepto.
907 2321 963 2386 Sic
987 2322 1129 2404 Iosepho
1159 2322 1226 2385 XI.
1251 2319 1291 2397 3,
1322 2320 1354 2383 9.
1405 2345 1470 2385 πα-

139 2425 325 2501 λιγγενεσία
351 2420 407 2496 τῆς
432 2422 589 2504 πατρίδος
618 2415 712 2483 dieta.
762 2418 848 2481 Enu.
879 2416 979 2483 Coui.
1007 2414 1107 2482 Wolt
1131 2417 1172 2478 ad
1202 2415 1264 2481 Or.
1293 2424 1370 2497 post
1398 2415 1468 2477 reti.

221 2609 439 2688 Hulartpsltu,
459 2609 675 2673 retractatio.
721 2607 890 2687 ,Quietum
913 2603 1138 2686 (orationum)
1160 2614 1310 2684 exspecta
1328 2601 1466 2667 divinam

138 2699 377 2781 παλινῳδίαν.”
428 2703 468 2764 ad
494 2705 568 2768 Asi.
599 2703 648 2767 11.
679 2703 717 2778 9,
748 2705 779 2765 1.
807 2733 847 2746 —
904 2697 1157 2781 „subturpicula
1189 2695 1266 2759 mihi
1298 2695 1467 2763 videbatur

138 2815 204 2857 ease
228 2794 452 2877 παλινῳδία.”
503 2800 542 2860 ad
564 2799 635 2862 Ais.
659 2798 725 2862 lv.
749 2797 787 2872 5,
826 2797 857 2858 1.
880 2829 920 2845 -
973 2792 1083 2876 „Mihi
1113 2803 1217 2855 etitem
1248 2790 1332 2855 nulla
1363 2793 1401 2855 de
1427 2814 1467 2857 eo

137 2888 336 2970 (Dionysio)
359 2897 543 2974 παλινῳδία
559 2895 652 2954 ‹latiir
674 2901 810 2973 propter
832 2887 1010 2971 superioris
1032 2886 1188 2970 epistolae
1210 2884 1466 2950 testimonium.”

137 2985 173 3044 ad
194 2984 271 3047 All.
293 2985 379 3048 Vll.
403 2989 421 3046 7
432 3029 440 3060 ,
467 2990 497 3050 1.
518 3022 557 3032 —
604 2985 660 3051 Ci-
684 2989 753 3052 Οὔκ
771 2985 836 3050 ἔστ’
859 2985 974 3068 ἔτυμος
1001 2982 1104 3065 λόγος.

218 3079 381 3154 Παλλάς,
410 3082 543 3155 Pallas,
569 3101 749 3165 cognomen
774 3080 958 3143 Minervae.
1005 3078 1134 3160 „quue
1160 3097 1209 3138 me
1231 3085 1311 3157 puto
1334 3095 1398 3140 non
1419 3073 1468 3138 in-

139 3169 200 3233 sita
223 3171 380 3236 Minerva
401 3195 472 3236 esse
495 3166 671 3237 iacturum:
698 3196 791 3259 quam
815 3173 940 3256 quidem
963 3193 1046 3254 ego,
1078 3170 1104 3233 si
1127 3170 1213 3233 forte
1236 3171 1275 3231 de
1298 3168 1360 3232 tuis
1382 3191 1468 3232 aum-

139 3286 253 3345 pscro,
289 3287 354 3331 non
383 3267 486 3330 solum
519 3269 709 3345 Παλλάδα,
744 3271 800 3331 sed
834 3269 927 3330 etiam
955 3267 1130 3332 'Annuiia
1160 3261 1373 3328 nominabo.’'
1428 3264 1468 3325 ad

141 3360 231 3423 Fam.
253 3360 319 3425 lli.
344 3365 382 3437 1,
409 3364 439 3424 1.
1218 3414 1221 3419 -

221 3455 377 3531 Πάλτος,
410 3459 551 3533 Purus,
588 3456 700 3537 Syriae
723 3457 888 3540 oppidum.
941 3454 1097 3539 „Cassius
1126 3464 1238 3518 noster
1264 3473 1334 3515 curn
1358 3456 1468 3516 decem

141 3547 321 3632 legionibus
347 3560 378 3611 et
405 3551 593 3614 cohortibus
623 3550 737 3636 viginti
760 3552 932 3615 sirxiliariis
957 3567 987 3617 et
1011 3561 1162 3634 quattuor
1186 3544 1301 3608 milium
1323 3546 1467 3630 equitatu

141 3661 156 3701 a
184 3642 314 3706 milibus
346 3664 496 3725 passuum
536 3646 648 3730 viginti
678 3658 781 3710 castra
818 3649 914 3710 habet
946 3646 1051 3729 posita
1084 3643 1251 3726 Πάλτῳ.”
1308 3641 1347 3702 ad
1374 3638 1467 3712 Fam.

141 3736 220 3801 llll.
247 3736 307 3812 13,
333 3739 366 3801 1.

221 3835 412 3900 Παναιτίου
434 3845 508 3919 περὶ
530 3847 702 3922 προνοίας,
729 3835 886 3900 Panaetii
908 3835 949 3899 tie
966 3836 1187 3919 prouidentia
1208 3837 1305 3900 liber.
1330 3828 1463 3913 atUAu.

139 3924 240 3990 xllt.
265 3926 299 3989 8.
342 3927 393 3992 De
417 3929 573 3992 Panaetio
595 3930 668 3993 vide
692 3931 936 3996 Onomasticon.

219 4021 431 4109 Πανήγυρις,
454 4024 586 4106 proprie
602 4037 785 4088 conuentus
797 4026 977 4088 universae
991 4026 1124 4110 gentis,
1150 4026 1260 4088 saltem
1278 4021 1467 4088 admodum

132 4112 323 4203 frequens,
349 4127 383 4178 ut
405 4115 437 4179 in
460 4119 662 4198 spectaculis.
709 4121 803 4194 „Res
828 4122 981 4204 agebatur
1005 4121 1035 4182 iu
1055 4119 1143 4183 circo
1166 4118 1324 4183 Flaminio
1349 4129 1380 4181 et
1401 4125 1468 4179 erat

139 4207 166 4271 in
186 4232 228 4273 co
252 4209 326 4292 ipso
348 4210 424 4274 loeo
449 4211 506 4274 illo
529 4212 578 4276 die
604 4212 811 4276 nundinarum
835 4215 1022 4300 πανήγυρις.
1033 4214 1051 4242 ”
1074 4216 1113 4276 ad
1136 4215 1206 4278 Ais.
1230 4212 1259 4276 1.
1285 4214 1344 4287 11,
1368 4213 1401 4273 1.

217 4305 394 4382 Πανικόν,
417 4305 567 4388 punietis
594 4307 663 4372 sive
692 4309 825 4374 subitus
851 4310 1032 4394 inanisque
1054 4320 1181 4372 terror.
1225 4305 1375 4381 ,Atticus
1405 4325 1465 4368 no·

141 4409 218 4474 ater,
250 4398 326 4484 quia
353 4401 512 4482 quondam
543 4424 592 4465 me
618 4402 814 4467 commoveri
841 4419 990 4477 πανικοῑς
1019 4399 1195 4476 intellexit,
1230 4401 1312 4465 idem
1342 4421 1466 4482 semper

142 4505 222 4575 putat
240 4516 301 4557 nee
325 4493 432 4569 videt,
458 4495 573 4578 quibus
594 4497 760 4578 praesidiis
777 4496 1001 4580 philosophiae
1027 4506 1156 4578 saeptus
1179 4495 1258 4560 sim:
1281 4506 1313 4558 et
1335 4493 1463 4566 hercle,

93 4650 95 4661 .
146 4593 221 4668 unci
243 4588 376 4657 timidus
395 4591 464 4671 ipse
487 4603 552 4669 est,
577 4594 834 4678 topasionorscss’
857 4593 895 4654 ad
919 4590 1010 4654 Fam.
1035 4590 1136 4655 XVI.
1160 4590 1219 4668 tt,
1248 4591 1281 4654 i.
1305 4627 1348 4642 -·-
1372 4583 1466 4663 ,Scis
