<?xml version="1.0" encoding="UTF-8"?>
<!DOCTYPE html PUBLIC "-//W3C//DTD XHTML 1.0 Transitional//EN"
    "http://www.w3.org/TR/xhtml1/DTD/xhtml1-transitional.dtd">
<html xmlns="http://www.w3.org/1999/xhtml" xml:lang="en" lang="en">
 <head>
  <title>
</title>
<meta http-equiv="Content-Type" content="text/html;charset=utf-8" />
  <meta name='ocr-system' content='tesseract 3.04.00' />
  <meta name='ocr-capabilities' content='ocr_page ocr_carea ocr_par ocr_line ocrx_word'/>
</head>
<body>
  <div class='ocr_page' id='page_1' title='image "./operaquaesupers05halmgoog/operaquaesupers05halmgoog_0039.png"; bbox 0 0 3202 5318; ppageno 0'>
   <div class='ocr_carea' id='block_1_1' title="bbox 143 298 901 364">
    <p class='ocr_par' dir='ltr' id='par_1_1' title="bbox 143 298 901 364">
     <span class='ocr_line' id='line_1_1' title="bbox 143 298 901 364; baseline -0.003 0"><span class='ocrx_word' id='word_1_1' title='bbox 143 300 183 364; x_wconf 87' lang='lat'><strong>18</strong></span> <span class='ocrx_word' id='word_1_2' title='bbox 280 350 283 355; x_wconf 84' lang='lat'><strong>.</strong></span> <span class='ocrx_word' id='word_1_3' title='bbox 747 298 901 363; x_wconf 83' lang='lat' dir='ltr'><strong>INDEX</strong></span> 
     </span>
    </p>
   </div>
   <div class='ocr_carea' id='block_1_2' title="bbox 140 437 1474 927">
    <p class='ocr_par' dir='ltr' id='par_1_2' title="bbox 141 437 1470 600">
     <span class='ocr_line' id='line_1_2' title="bbox 142 437 1470 524; baseline 0.003 -20"><span class='ocrx_word' id='word_1_4' title='bbox 142 462 191 504; x_wconf 91' lang='lat' dir='ltr'><strong>me</strong></span> <span class='ocrx_word' id='word_1_5' title='bbox 213 443 307 508; x_wconf 83' lang='grc' dir='ltr'><strong>κενὸν</strong></span> <span class='ocrx_word' id='word_1_6' title='bbox 329 439 359 505; x_wconf 87' lang='lat' dir='ltr'><strong>in</strong></span> <span class='ocrx_word' id='word_1_7' title='bbox 382 441 562 524; x_wconf 85' lang='lat' dir='ltr'><strong>expetendo</strong></span> <span class='ocrx_word' id='word_1_8' title='bbox 585 459 764 524; x_wconf 84' lang='lat' dir='ltr'><strong>cognosces</strong></span> <span class='ocrx_word' id='word_1_9' title='bbox 787 462 846 503; x_wconf 90' lang='lat' dir='ltr'><strong>uec</strong></span> <span class='ocrx_word' id='word_1_10' title='bbox 867 439 997 520; x_wconf 80' lang='grc' dir='ltr'><strong>ἄτυφον</strong></span> <span class='ocrx_word' id='word_1_11' title='bbox 1019 437 1049 503; x_wconf 90' lang='lat' dir='ltr'><strong>in</strong></span> <span class='ocrx_word' id='word_1_12' title='bbox 1074 438 1291 506; x_wconf 58' lang='lat' dir='ltr'><strong>abiiciendost’</strong></span> <span class='ocrx_word' id='word_1_13' title='bbox 1336 444 1376 504; x_wconf 87' lang='lat' dir='ltr'><strong>ad</strong></span> <span class='ocrx_word' id='word_1_14' title='bbox 1398 445 1470 508; x_wconf 76' lang='lat' dir='ltr'><strong>Ars.</strong></span> 
     </span>
     <span class='ocr_line' id='line_1_3' title="bbox 141 536 329 611; baseline 0 -13"><span class='ocrx_word' id='word_1_15' title='bbox 141 536 207 600; x_wconf 86' lang='lat' dir='ltr'><strong>vl.</strong></span> <span class='ocrx_word' id='word_1_16' title='bbox 233 537 270 611; x_wconf 88' lang='grc'><strong>9,</strong></span> <span class='ocrx_word' id='word_1_17' title='bbox 297 537 329 599; x_wconf 93' lang='grc'><strong>9.</strong></span> 
     </span>
    </p>

    <p class='ocr_par' dir='ltr' id='par_1_3' title="bbox 140 628 1474 927">
     <span class='ocr_line' id='line_1_4' title="bbox 225 628 1474 713; baseline 0 -18"><span class='ocrx_word' id='word_1_18' title='bbox 225 631 448 706; x_wconf 69' lang='grc' dir='ltr'><strong>Αὐὲιιντικιύς,</strong></span> <span class='ocrx_word' id='word_1_19' title='bbox 484 651 562 694; x_wconf 82' lang='lat' dir='ltr'><strong>crem</strong></span> <span class='ocrx_word' id='word_1_20' title='bbox 583 629 808 704; x_wconf 77' lang='lat' dir='ltr'><strong>erectoritate,</strong></span> <span class='ocrx_word' id='word_1_21' title='bbox 844 641 939 693; x_wconf 85' lang='lat' dir='ltr'><strong>certo</strong></span> <span class='ocrx_word' id='word_1_22' title='bbox 964 640 1118 694; x_wconf 85' lang='lat' dir='ltr'><strong>auctore.</strong></span> <span class='ocrx_word' id='word_1_23' title='bbox 1173 628 1307 713; x_wconf 81' lang='lat' dir='ltr'><strong>„Atque</strong></span> <span class='ocrx_word' id='word_1_24' title='bbox 1329 652 1401 695; x_wconf 88' lang='lat' dir='ltr'><strong>cum</strong></span> <span class='ocrx_word' id='word_1_25' title='bbox 1424 629 1474 695; x_wconf 94' lang='lat' dir='ltr'><strong>lo·</strong></span> 
     </span>
     <span class='ocr_line' id='line_1_5' title="bbox 142 723 1474 810; baseline 0.002 -22"><span class='ocrx_word' id='word_1_26' title='bbox 142 723 197 809; x_wconf 90' lang='lat' dir='ltr'><strong>qui</strong></span> <span class='ocrx_word' id='word_1_27' title='bbox 227 726 354 810; x_wconf 89' lang='lat' dir='ltr'><strong>quidam</strong></span> <span class='ocrx_word' id='word_1_28' title='bbox 384 727 581 800; x_wconf 64' lang='grc' dir='ltr'><strong>αὐθεντικιῖς</strong></span> <span class='ocrx_word' id='word_1_29' title='bbox 604 723 784 787; x_wconf 87' lang='lat' dir='ltr'><strong>narrabat”</strong></span> <span class='ocrx_word' id='word_1_30' title='bbox 814 736 876 787; x_wconf 87' lang='lat' dir='ltr'><strong>eet.</strong></span> <span class='ocrx_word' id='word_1_31' title='bbox 926 726 965 786; x_wconf 92' lang='lat' dir='ltr'><strong>ad</strong></span> <span class='ocrx_word' id='word_1_32' title='bbox 988 723 1230 801; x_wconf 75' lang='lat' dir='ltr'><strong>Au.1x.-1t,</strong></span> <span class='ocrx_word' id='word_1_33' title='bbox 1263 725 1296 787; x_wconf 91' lang='grc'><strong>9.</strong></span> <span class='ocrx_word' id='word_1_34' title='bbox 1319 760 1362 774; x_wconf 76' lang='lat'><em>-</em></span> <span class='ocrx_word' id='word_1_35' title='bbox 1407 726 1474 801; x_wconf 85' lang='lat' dir='ltr'><strong>,Id</strong></span> 
     </span>
     <span class='ocr_line' id='line_1_6' title="bbox 140 817 1379 927; baseline 0 -47"><span class='ocrx_word' id='word_1_36' title='bbox 140 822 220 881; x_wconf 90' lang='lat' dir='ltr'><strong>enim</strong></span> <span class='ocrx_word' id='word_1_37' title='bbox 243 822 440 896; x_wconf 68' lang='grc' dir='ltr'><strong>αὐθεντικιύς</strong></span> <span class='ocrx_word' id='word_1_38' title='bbox 463 818 711 883; x_wconf 84' lang='lat' dir='ltr'><strong>nuntiabatur.&#39;&#39;</strong></span> <span class='ocrx_word' id='word_1_39' title='bbox 756 821 795 880; x_wconf 93' lang='lat' dir='ltr'><strong>ad</strong></span> <span class='ocrx_word' id='word_1_40' title='bbox 817 818 888 882; x_wconf 81' lang='lat' dir='ltr'><strong>Au.</strong></span> <span class='ocrx_word' id='word_1_41' title='bbox 912 819 959 882; x_wconf 89' lang='lat' dir='ltr'><strong>X.</strong></span> <span class='ocrx_word' id='word_1_42' title='bbox 981 817 1017 893; x_wconf 94' lang='grc'><strong>9,</strong></span> <span class='ocrx_word' id='word_1_43' title='bbox 1043 819 1075 882; x_wconf 98' lang='grc'><strong>1.</strong></span> <span class='ocrx_word' id='word_1_44' title='bbox 1346 860 1379 927; x_wconf 65' lang='grc'><strong>.</strong></span> 
     </span>
    </p>
   </div>
   <div class='ocr_carea' id='block_1_3' title="bbox 112 904 1473 4498">
    <p class='ocr_par' dir='ltr' id='par_1_4' title="bbox 139 904 1472 1185">
     <span class='ocr_line' id='line_1_7' title="bbox 224 904 1472 1002; baseline 0.002 -23"><span class='ocrx_word' id='word_1_45' title='bbox 224 917 398 1002; x_wconf 66' lang='grc' dir='ltr'><strong>Αὐδιωρεί,</strong></span> <span class='ocrx_word' id='word_1_46' title='bbox 426 904 593 997; x_wconf 70' lang='grc' dir='ltr'><strong>ι’ίίαὶηεα</strong></span> <span class='ocrx_word' id='word_1_47' title='bbox 618 915 719 978; x_wconf 75' lang='lat' dir='ltr'><strong>horo.</strong></span> <span class='ocrx_word' id='word_1_48' title='bbox 773 913 938 986; x_wconf 80' lang='lat' dir='ltr'><strong>„Facinus</strong></span> <span class='ocrx_word' id='word_1_49' title='bbox 961 912 1144 997; x_wconf 85' lang='lat' dir='ltr'><strong>iudignum,</strong></span> <span class='ocrx_word' id='word_1_50' title='bbox 1169 912 1334 997; x_wconf 89' lang='lat' dir='ltr'><strong>epistolam</strong></span> <span class='ocrx_word' id='word_1_51' title='bbox 1384 917 1472 981; x_wconf 60' lang='grc' dir='ltr'><strong>ὐδω-</strong></span> 
     </span>
     <span class='ocr_line' id='line_1_8' title="bbox 139 942 1472 1095; baseline 0.002 -22"><span class='ocrx_word' id='word_1_52' title='bbox 139 1020 189 1095; x_wconf 82' lang='grc' dir='ltr'><strong>ρεὶ</strong></span> <span class='ocrx_word' id='word_1_53' title='bbox 219 1008 276 1072; x_wconf 90' lang='lat' dir='ltr'><strong>tibi</strong></span> <span class='ocrx_word' id='word_1_54' title='bbox 310 1031 326 1072; x_wconf 90' lang='lat' dir='ltr'><strong>a</strong></span> <span class='ocrx_word' id='word_1_55' title='bbox 359 1007 480 1071; x_wconf 81' lang='lat' dir='ltr'>Tribus</span> <span class='ocrx_word' id='word_1_56' title='bbox 509 1006 666 1073; x_wconf 73' lang='lat' dir='ltr'>Tabernis</span> <span class='ocrx_word' id='word_1_57' title='bbox 695 1007 881 1088; x_wconf 68' lang='lat' dir='ltr'><strong>rescriptam</strong></span> <span class='ocrx_word' id='word_1_58' title='bbox 916 1009 954 1071; x_wconf 90' lang='lat' dir='ltr'><strong>ad</strong></span> <span class='ocrx_word' id='word_1_59' title='bbox 985 1020 1054 1071; x_wconf 90' lang='lat' dir='ltr'><strong>tuas</strong></span> <span class='ocrx_word' id='word_1_60' title='bbox 1086 1007 1289 1072; x_wconf 82' lang='lat' dir='ltr'><strong>suavissimas</strong></span> <span class='ocrx_word' id='word_1_61' title='bbox 1317 942 1472 1094; x_wconf 51' lang='lat' dir='ltr'><strong>epistolas</strong></span> 
     </span>
     <span class='ocr_line' id='line_1_9' title="bbox 139 1100 932 1185; baseline 0 -21"><span class='ocrx_word' id='word_1_62' title='bbox 139 1101 292 1185; x_wconf 82' lang='lat' dir='ltr'><strong>neminem</strong></span> <span class='ocrx_word' id='word_1_63' title='bbox 315 1102 490 1167; x_wconf 80' lang='lat' dir='ltr'><strong>reddidisse</strong></span> <span class='ocrx_word' id='word_1_64' title='bbox 504 1100 539 1165; x_wconf 85' lang='lat'><strong>!”</strong></span> <span class='ocrx_word' id='word_1_65' title='bbox 584 1104 625 1165; x_wconf 87' lang='lat' dir='ltr'><strong>ad</strong></span> <span class='ocrx_word' id='word_1_66' title='bbox 647 1102 720 1167; x_wconf 83' lang='lat' dir='ltr'><strong>Au.</strong></span> <span class='ocrx_word' id='word_1_67' title='bbox 743 1100 793 1164; x_wconf 93' lang='lat'><strong>11.</strong></span> <span class='ocrx_word' id='word_1_68' title='bbox 818 1102 875 1176; x_wconf 88' lang='grc'><strong>13,</strong></span> <span class='ocrx_word' id='word_1_69' title='bbox 901 1103 932 1164; x_wconf 91' lang='grc'><strong>1.</strong></span> 
     </span>
    </p>

    <p class='ocr_par' dir='ltr' id='par_1_5' title="bbox 112 1192 1473 1641">
     <span class='ocr_line' id='line_1_10' title="bbox 112 1192 1472 1285; baseline 0.003 -24"><span class='ocrx_word' id='word_1_70' title='bbox 112 1262 117 1274; x_wconf 80' lang='grc'>,</span> <span class='ocrx_word' id='word_1_71' title='bbox 221 1194 383 1276; x_wconf 77' lang='grc' dir='ltr'><strong>Αὐξησις,</strong></span> <span class='ocrx_word' id='word_1_72' title='bbox 410 1192 543 1272; x_wconf 78' lang='lat' dir='ltr'><strong>ductii),</strong></span> <span class='ocrx_word' id='word_1_73' title='bbox 565 1194 810 1280; x_wconf 70' lang='lat' dir='ltr'><strong>amplificatio</strong></span> <span class='ocrx_word' id='word_1_74' title='bbox 859 1198 965 1269; x_wconf 85' lang='grc' dir='ltr'><strong>,8ιιιιι</strong></span> <span class='ocrx_word' id='word_1_75' title='bbox 984 1197 1357 1264; x_wconf 79' lang='lat' dir='ltr'><strong>maxime&#39;luminosaeet</strong></span> <span class='ocrx_word' id='word_1_76' title='bbox 1381 1200 1472 1285; x_wconf 84' lang='lat' dir='ltr'><strong>quasi</strong></span> 
     </span>
     <span class='ocr_line' id='line_1_11' title="bbox 138 1291 1471 1378; baseline 0.004 -25"><span class='ocrx_word' id='word_1_77' title='bbox 138 1302 289 1356; x_wconf 73' lang='lat' dir='ltr'><strong>actuosae</strong></span> <span class='ocrx_word' id='word_1_78' title='bbox 316 1304 426 1375; x_wconf 87' lang='lat' dir='ltr'><strong>partes</strong></span> <span class='ocrx_word' id='word_1_79' title='bbox 456 1291 655 1371; x_wconf 88' lang='lat' dir='ltr'><strong>(orationis)</strong></span> <span class='ocrx_word' id='word_1_80' title='bbox 683 1293 779 1355; x_wconf 89' lang='lat' dir='ltr'><strong>duae:</strong></span> <span class='ocrx_word' id='word_1_81' title='bbox 811 1311 943 1373; x_wconf 90' lang='lat' dir='ltr'><strong>quarum</strong></span> <span class='ocrx_word' id='word_1_82' title='bbox 972 1291 1131 1355; x_wconf 87' lang='lat' dir='ltr'><strong>alteram</strong></span> <span class='ocrx_word' id='word_1_83' title='bbox 1124 1314 1156 1355; x_wconf 92' lang='grc' dir='ltr'><strong>ιιι</strong></span> <span class='ocrx_word' id='word_1_84' title='bbox 1180 1291 1318 1356; x_wconf 88' lang='lat' dir='ltr'><strong>universi</strong></span> <span class='ocrx_word' id='word_1_85' title='bbox 1342 1294 1471 1378; x_wconf 86' lang='lat' dir='ltr'><strong>generis</strong></span> 
     </span>
     <span class='ocr_line' id='line_1_12' title="bbox 135 1384 1472 1482; baseline 0.004 -35.015"><span class='ocrx_word' id='word_1_86' title='bbox 135 1384 327 1482; x_wconf 82' lang='lat' dir='ltr'><strong>quaestione</strong></span> <span class='ocrx_word' id='word_1_87' title='bbox 355 1407 462 1468; x_wconf 89' lang='lat' dir='ltr'><strong>pono,</strong></span> <span class='ocrx_word' id='word_1_88' title='bbox 493 1408 586 1471; x_wconf 84' lang='lat' dir='ltr'><strong>quam</strong></span> <span class='ocrx_word' id='word_1_89' title='bbox 618 1389 674 1465; x_wconf 83' lang='lat' dir='ltr'><strong>(ut</strong></span> <span class='ocrx_word' id='word_1_90' title='bbox 696 1405 794 1467; x_wconf 90' lang='lat' dir='ltr'><strong>supra</strong></span> <span class='ocrx_word' id='word_1_91' title='bbox 816 1385 899 1465; x_wconf 85' lang='lat' dir='ltr'><strong>dixi)</strong></span> <span class='ocrx_word' id='word_1_92' title='bbox 922 1385 1041 1450; x_wconf 87' lang='lat' dir='ltr'><strong>Graeci</strong></span> <span class='ocrx_word' id='word_1_93' title='bbox 1064 1387 1227 1470; x_wconf 88' lang='lat' dir='ltr'><strong>appellant</strong></span> <span class='ocrx_word' id='word_1_94' title='bbox 1247 1394 1360 1453; x_wconf 60' lang='grc' dir='ltr'><strong>θέσιν·</strong></span> <span class='ocrx_word' id='word_1_95' title='bbox 1393 1389 1472 1452; x_wconf 88' lang='lat' dir='ltr'><strong>alte·</strong></span> 
     </span>
     <span class='ocr_line' id='line_1_13' title="bbox 136 1478 1473 1567; baseline 0.004 -25"><span class='ocrx_word' id='word_1_96' title='bbox 136 1501 204 1543; x_wconf 89' lang='lat' dir='ltr'><strong>ram</strong></span> <span class='ocrx_word' id='word_1_97' title='bbox 235 1480 266 1543; x_wconf 88' lang='lat' dir='ltr'><strong>in</strong></span> <span class='ocrx_word' id='word_1_98' title='bbox 295 1481 449 1564; x_wconf 83' lang='lat' dir='ltr'><strong>augendis</strong></span> <span class='ocrx_word' id='word_1_99' title='bbox 479 1478 772 1567; x_wconf 78' lang='lat' dir='ltr'><strong>amplificandisque</strong></span> <span class='ocrx_word' id='word_1_100' title='bbox 794 1478 913 1558; x_wconf 89' lang='lat' dir='ltr'><strong>rebus,&#39;</strong></span> <span class='ocrx_word' id='word_1_101' title='bbox 945 1503 1027 1565; x_wconf 88' lang='lat' dir='ltr'><strong>quae</strong></span> <span class='ocrx_word' id='word_1_102' title='bbox 1050 1483 1091 1544; x_wconf 93' lang='lat' dir='ltr'><strong>ab</strong></span> <span class='ocrx_word' id='word_1_103' title='bbox 1117 1479 1236 1545; x_wconf 89' lang='lat' dir='ltr'><strong>eisdem</strong></span> <span class='ocrx_word' id='word_1_104' title='bbox 1257 1480 1395 1562; x_wconf 76' lang='grc' dir='ltr'><strong>αὐξηοις</strong></span> <span class='ocrx_word' id='word_1_105' title='bbox 1423 1495 1473 1548; x_wconf 84' lang='lat' dir='ltr'><strong>est</strong></span> 
     </span>
     <span class='ocr_line' id='line_1_14' title="bbox 139 1574 694 1649; baseline -0.004 -10"><span class='ocrx_word' id='word_1_106' title='bbox 139 1577 342 1641; x_wconf 70' lang='grc' dir='ltr'><strong>ιιοιιιιιιιιι.η</strong></span> <span class='ocrx_word' id='word_1_107' title='bbox 388 1576 512 1641; x_wconf 82' lang='lat' dir='ltr'><strong>Orator</strong></span> <span class='ocrx_word' id='word_1_108' title='bbox 534 1575 595 1649; x_wconf 82' lang='lat'><strong>36,</strong></span> <span class='ocrx_word' id='word_1_109' title='bbox 621 1574 694 1637; x_wconf 96' lang='grc'><strong>195.</strong></span> 
     </span>
    </p>

    <p class='ocr_par' dir='ltr' id='par_1_6' title="bbox 137 1667 1472 2132">
     <span class='ocr_line' id='line_1_15' title="bbox 150 1667 1470 1759; baseline -0.005 -19"><span class='ocrx_word' id='word_1_110' title='bbox 150 1736 153 1741; x_wconf 82' lang='grc'>,</span> <span class='ocrx_word' id='word_1_111' title='bbox 222 1671 432 1759; x_wconf 55' lang='lat' dir='ltr'><strong>Attae-aaa,</strong></span> <span class='ocrx_word' id='word_1_112' title='bbox 453 1668 592 1732; x_wconf 84' lang='lat' dir='ltr'><strong>animus</strong></span> <span class='ocrx_word' id='word_1_113' title='bbox 609 1689 722 1752; x_wconf 86' lang='lat' dir='ltr'><strong>parvo</strong></span> <span class='ocrx_word' id='word_1_114' title='bbox 744 1678 937 1734; x_wconf 83' lang='lat' dir='ltr'><strong>contentus.</strong></span> <span class='ocrx_word' id='word_1_115' title='bbox 976 1667 1136 1743; x_wconf 81' lang='lat' dir='ltr'><strong>„Animus</strong></span> <span class='ocrx_word' id='word_1_116' title='bbox 1152 1692 1256 1753; x_wconf 86' lang='lat' dir='ltr'><strong>parvo</strong></span> <span class='ocrx_word' id='word_1_117' title='bbox 1280 1681 1470 1748; x_wconf 88' lang='lat' dir='ltr'><strong>contentus,</strong></span> 
     </span>
     <span class='ocr_line' id='line_1_16' title="bbox 138 1762 1472 1851; baseline 0.001 -26"><span class='ocrx_word' id='word_1_118' title='bbox 138 1786 220 1850; x_wconf 87' lang='lat' dir='ltr'><strong>quae</strong></span> <span class='ocrx_word' id='word_1_119' title='bbox 242 1765 345 1829; x_wconf 87' lang='lat' dir='ltr'><strong>virtus</strong></span> <span class='ocrx_word' id='word_1_120' title='bbox 368 1763 484 1827; x_wconf 89' lang='lat' dir='ltr'><strong>dicitur</strong></span> <span class='ocrx_word' id='word_1_121' title='bbox 505 1763 700 1851; x_wconf 78' lang='grc' dir='ltr'><strong>αὐτάρκεια.</strong></span> <span class='ocrx_word' id='word_1_122' title='bbox 752 1762 842 1845; x_wconf 88' lang='lat' dir='ltr'><strong>Quae</strong></span> <span class='ocrx_word' id='word_1_123' title='bbox 870 1783 939 1825; x_wconf 91' lang='lat' dir='ltr'><strong>cum</strong></span> <span class='ocrx_word' id='word_1_124' title='bbox 968 1763 1085 1826; x_wconf 86' lang='lat' dir='ltr'><strong>Latine</strong></span> <span class='ocrx_word' id='word_1_125' title='bbox 1109 1786 1173 1827; x_wconf 90' lang='grc' dir='ltr'><strong>ιιιιο</strong></span> <span class='ocrx_word' id='word_1_126' title='bbox 1196 1767 1300 1830; x_wconf 85' lang='lat' dir='ltr'><strong>verbo</strong></span> <span class='ocrx_word' id='word_1_127' title='bbox 1323 1764 1472 1840; x_wconf 8' lang='lat' dir='ltr'><strong>dicifflnon</strong></span> 
     </span>
     <span class='ocr_line' id='line_1_17' title="bbox 137 1851 1471 1947; baseline 0 -25"><span class='ocrx_word' id='word_1_128' title='bbox 137 1872 264 1942; x_wconf 88' lang='lat' dir='ltr'><strong>potest,</strong></span> <span class='ocrx_word' id='word_1_129' title='bbox 300 1859 500 1947; x_wconf 76' lang='grc' dir='ltr'><strong>αὐτάρκεια,</strong></span> <span class='ocrx_word' id='word_1_130' title='bbox 534 1856 636 1942; x_wconf 89' lang='lat' dir='ltr'><strong>inquit</strong></span> <span class='ocrx_word' id='word_1_131' title='bbox 658 1856 802 1934; x_wconf 87' lang='lat' dir='ltr'><strong>Cicero,</strong></span> <span class='ocrx_word' id='word_1_132' title='bbox 837 1870 908 1931; x_wconf 90' lang='lat' dir='ltr'><strong>est,</strong></span> <span class='ocrx_word' id='word_1_133' title='bbox 942 1879 1030 1942; x_wconf 84' lang='lat' dir='ltr'><strong>quoe</strong></span> <span class='ocrx_word' id='word_1_134' title='bbox 1049 1880 1160 1940; x_wconf 89' lang='lat' dir='ltr'><strong>parvo</strong></span> <span class='ocrx_word' id='word_1_135' title='bbox 1182 1851 1345 1922; x_wconf 83' lang='lat' dir='ltr'><strong>contenta</strong></span> <span class='ocrx_word' id='word_1_136' title='bbox 1370 1881 1471 1923; x_wconf 86' lang='lat' dir='ltr'><strong>omne</strong></span> 
     </span>
     <span class='ocr_line' id='line_1_18' title="bbox 139 1950 1469 2039; baseline 0.002 -24"><span class='ocrx_word' id='word_1_137' title='bbox 139 1953 178 2016; x_wconf 79' lang='lat' dir='ltr'><strong>id</strong></span> <span class='ocrx_word' id='word_1_138' title='bbox 199 1955 349 2037; x_wconf 78' lang='lat' dir='ltr'><strong>respuit,</strong></span> <span class='ocrx_word' id='word_1_139' title='bbox 372 1955 465 2039; x_wconf 81' lang='lat' dir='ltr'><strong>quod</strong></span> <span class='ocrx_word' id='word_1_140' title='bbox 486 1951 680 2016; x_wconf 80' lang='lat' dir='ltr'><strong>abundot.’&#39;</strong></span> <span class='ocrx_word' id='word_1_141' title='bbox 726 1950 923 2017; x_wconf 80' lang='lat' dir='ltr'><strong>scholiastes</strong></span> <span class='ocrx_word' id='word_1_142' title='bbox 953 1951 1156 2038; x_wconf 88' lang='lat' dir='ltr'><strong>Cruquianus</strong></span> <span class='ocrx_word' id='word_1_143' title='bbox 1185 1955 1225 2016; x_wconf 91' lang='lat' dir='ltr'><strong>ad</strong></span> <span class='ocrx_word' id='word_1_144' title='bbox 1254 1953 1375 2018; x_wconf 90' lang='lat' dir='ltr'><strong>Horat.</strong></span> <span class='ocrx_word' id='word_1_145' title='bbox 1400 1955 1469 2018; x_wconf 86' lang='lat' dir='ltr'><strong>Sat.</strong></span> 
     </span>
     <span class='ocr_line' id='line_1_19' title="bbox 141 2045 992 2132; baseline 0.001 -22"><span class='ocrx_word' id='word_1_146' title='bbox 141 2047 179 2126; x_wconf 91' lang='grc'><strong>9,</strong></span> <span class='ocrx_word' id='word_1_147' title='bbox 204 2049 241 2125; x_wconf 88' lang='grc'>6,</span> <span class='ocrx_word' id='word_1_148' title='bbox 267 2048 320 2112; x_wconf 77' lang='grc'><strong>79.</strong></span> <span class='ocrx_word' id='word_1_149' title='bbox 344 2071 379 2132; x_wconf 91' lang='lat' dir='ltr'><strong>p.</strong></span> <span class='ocrx_word' id='word_1_150' title='bbox 404 2050 478 2114; x_wconf 79' lang='grc'><strong>181.</strong></span> <span class='ocrx_word' id='word_1_151' title='bbox 502 2045 606 2131; x_wconf 78' lang='lat' dir='ltr'><strong>Criiq.</strong></span> <span class='ocrx_word' id='word_1_152' title='bbox 630 2045 703 2113; x_wconf 86' lang='lat' dir='ltr'><strong>Cic.</strong></span> <span class='ocrx_word' id='word_1_153' title='bbox 720 2048 835 2130; x_wconf 84' lang='lat' dir='ltr'><strong>Frgm.</strong></span> <span class='ocrx_word' id='word_1_154' title='bbox 859 2069 893 2129; x_wconf 92' lang='lat' dir='ltr'><strong>p.</strong></span> <span class='ocrx_word' id='word_1_155' title='bbox 918 2047 992 2111; x_wconf 91' lang='grc'><strong>581.</strong></span> 
     </span>
    </p>

    <p class='ocr_par' dir='ltr' id='par_1_7' title="bbox 137 2142 1471 2510">
     <span class='ocr_line' id='line_1_20' title="bbox 223 2142 1471 2232; baseline -0.001 -25"><span class='ocrx_word' id='word_1_156' title='bbox 223 2145 353 2209; x_wconf 86' lang='grc' dir='ltr'><strong>Αὐτίκα</strong></span> <span class='ocrx_word' id='word_1_157' title='bbox 379 2144 445 2232; x_wconf 81' lang='lat' dir='ltr'><strong>yeip</strong></span> <span class='ocrx_word' id='word_1_158' title='bbox 473 2171 522 2209; x_wconf 86' lang='grc' dir='ltr'><strong>τοι</strong></span> <span class='ocrx_word' id='word_1_159' title='bbox 537 2142 650 2209; x_wconf 75' lang='grc' dir='ltr'><strong>ἔπειτα</strong></span> <span class='ocrx_word' id='word_1_160' title='bbox 667 2145 738 2227; x_wconf 63' lang='lat' dir='ltr'><strong>prad</strong></span> <span class='ocrx_word' id='word_1_161' title='bbox 755 2143 905 2230; x_wconf 75' lang='grc' dir='ltr'><strong>Ἕκτορα</strong></span> <span class='ocrx_word' id='word_1_162' title='bbox 919 2142 1080 2227; x_wconf 81' lang='grc' dir='ltr'><strong>πότμος</strong></span> <span class='ocrx_word' id='word_1_163' title='bbox 1062 2157 1207 2228; x_wconf 83' lang='grc' dir='ltr'><strong>ετοῖμος,</strong></span> <span class='ocrx_word' id='word_1_164' title='bbox 1230 2143 1359 2208; x_wconf 82' lang='lat' dir='ltr'><strong>Statim</strong></span> <span class='ocrx_word' id='word_1_165' title='bbox 1380 2145 1471 2210; x_wconf 82' lang='lat' dir='ltr'><strong>enim</strong></span> 
     </span>
     <span class='ocr_line' id='line_1_21' title="bbox 137 2236 1471 2321; baseline 0 -20"><span class='ocrx_word' id='word_1_166' title='bbox 137 2236 200 2302; x_wconf 86' lang='lat' dir='ltr'><strong>tibi</strong></span> <span class='ocrx_word' id='word_1_167' title='bbox 229 2237 455 2321; x_wconf 84' lang='lat' dir='ltr'><strong>deindepost</strong></span> <span class='ocrx_word' id='word_1_168' title='bbox 482 2242 667 2304; x_wconf 86' lang='lat' dir='ltr'><strong>Hectorem</strong></span> <span class='ocrx_word' id='word_1_169' title='bbox 698 2259 793 2301; x_wconf 83' lang='lat' dir='ltr'><strong>mors</strong></span> <span class='ocrx_word' id='word_1_170' title='bbox 817 2249 960 2319; x_wconf 81' lang='lat' dir='ltr'><strong>parata.</strong></span> <span class='ocrx_word' id='word_1_171' title='bbox 1006 2240 1044 2299; x_wconf 92' lang='lat' dir='ltr'><strong>ad</strong></span> <span class='ocrx_word' id='word_1_172' title='bbox 1072 2239 1145 2301; x_wconf 86' lang='lat' dir='ltr'><strong>Att.</strong></span> <span class='ocrx_word' id='word_1_173' title='bbox 1173 2238 1238 2301; x_wconf 87' lang='lat' dir='ltr'><strong>IX.</strong></span> <span class='ocrx_word' id='word_1_174' title='bbox 1268 2239 1306 2310; x_wconf 89' lang='grc'><strong>5,</strong></span> <span class='ocrx_word' id='word_1_175' title='bbox 1339 2239 1371 2302; x_wconf 94' lang='grc'><strong>3.</strong></span> <span class='ocrx_word' id='word_1_176' title='bbox 1417 2237 1471 2302; x_wconf 88' lang='lat' dir='ltr'><strong>Sic</strong></span> 
     </span>
     <span class='ocr_line' id='line_1_22' title="bbox 137 2331 1469 2417; baseline 0.002 -24"><span class='ocrx_word' id='word_1_177' title='bbox 137 2335 220 2414; x_wconf 91' lang='lat' dir='ltr'><strong>apud</strong></span> <span class='ocrx_word' id='word_1_178' title='bbox 245 2334 424 2397; x_wconf 83' lang='lat' dir='ltr'><strong>Homerum</strong></span> <span class='ocrx_word' id='word_1_179' title='bbox 448 2332 540 2398; x_wconf 88' lang='lat' dir='ltr'><strong>Iliad.</strong></span> <span class='ocrx_word' id='word_1_180' title='bbox 564 2360 600 2408; x_wconf 87' lang='grc' dir='ltr'><strong>ο,</strong></span> <span class='ocrx_word' id='word_1_181' title='bbox 624 2332 678 2396; x_wconf 81' lang='grc'><strong>95.</strong></span> <span class='ocrx_word' id='word_1_182' title='bbox 724 2331 837 2395; x_wconf 83' lang='lat' dir='ltr'><strong>&#39;l&#39;hetis</strong></span> <span class='ocrx_word' id='word_1_183' title='bbox 859 2331 959 2393; x_wconf 82' lang='lat' dir='ltr'><strong>hlium</strong></span> <span class='ocrx_word' id='word_1_184' title='bbox 979 2353 1069 2395; x_wconf 87' lang='lat' dir='ltr'><strong>snum</strong></span> <span class='ocrx_word' id='word_1_185' title='bbox 1093 2332 1252 2395; x_wconf 80' lang='lat' dir='ltr'><strong>Achillem</strong></span> <span class='ocrx_word' id='word_1_186' title='bbox 1276 2332 1469 2417; x_wconf 87' lang='lat' dir='ltr'><strong>alloquitur,</strong></span> 
     </span>
     <span class='ocr_line' id='line_1_23' title="bbox 137 2426 749 2510; baseline 0 -21"><span class='ocrx_word' id='word_1_187' title='bbox 137 2426 189 2490; x_wconf 93' lang='lat' dir='ltr'><strong>cui</strong></span> <span class='ocrx_word' id='word_1_188' title='bbox 210 2426 264 2490; x_wconf 89' lang='lat' dir='ltr'><strong>ille</strong></span> <span class='ocrx_word' id='word_1_189' title='bbox 286 2426 390 2490; x_wconf 90' lang='lat' dir='ltr'><strong>statim</strong></span> <span class='ocrx_word' id='word_1_190' title='bbox 414 2450 448 2490; x_wconf 84' lang='lat' dir='ltr'><strong>v.</strong></span> <span class='ocrx_word' id='word_1_191' title='bbox 472 2429 526 2492; x_wconf 87' lang='grc'><strong>98.</strong></span> <span class='ocrx_word' id='word_1_192' title='bbox 550 2429 749 2510; x_wconf 82' lang='lat' dir='ltr'><strong>respondet:</strong></span> 
     </span>
    </p>

    <p class='ocr_par' dir='ltr' id='par_1_8' title="bbox 137 2521 1471 2800">
     <span class='ocr_line' id='line_1_24' title="bbox 220 2521 1470 2614; baseline 0.008 -28"><span class='ocrx_word' id='word_1_193' title='bbox 220 2524 351 2588; x_wconf 86' lang='grc' dir='ltr'><strong>Λύτίκα</strong></span> <span class='ocrx_word' id='word_1_194' title='bbox 380 2530 546 2601; x_wconf 58' lang='grc' dir='ltr'><strong>τεθναίην,</strong></span> <span class='ocrx_word' id='word_1_195' title='bbox 572 2534 641 2587; x_wconf 78' lang='grc' dir='ltr'><strong>ἐπεὶ</strong></span> <span class='ocrx_word' id='word_1_196' title='bbox 662 2525 722 2587; x_wconf 81' lang='grc' dir='ltr'><strong>οὐκ</strong></span> <span class='ocrx_word' id='word_1_197' title='bbox 741 2521 794 2606; x_wconf 80' lang='grc' dir='ltr'><strong>ἄρ’</strong></span> <span class='ocrx_word' id='word_1_198' title='bbox 818 2522 954 2605; x_wconf 75' lang='grc' dir='ltr'><strong>ἔμελλον</strong></span> <span class='ocrx_word' id='word_1_199' title='bbox 975 2530 1094 2610; x_wconf 76' lang='grc' dir='ltr'><strong>ἑταίρῳ</strong></span> <span class='ocrx_word' id='word_1_200' title='bbox 1117 2526 1324 2610; x_wconf 76' lang='grc' dir='ltr'><strong>Κτεινομένω</strong></span> <span class='ocrx_word' id='word_1_201' title='bbox 1344 2536 1470 2614; x_wconf 75' lang='grc' dir='ltr'><strong>ἐπαμῦ-</strong></span> 
     </span>
     <span class='ocr_line' id='line_1_25' title="bbox 137 2616 1471 2703; baseline 0.007 -24"><span class='ocrx_word' id='word_1_202' title='bbox 137 2641 202 2681; x_wconf 93' lang='grc' dir='ltr'><strong>ναι.</strong></span> <span class='ocrx_word' id='word_1_203' title='bbox 227 2616 367 2680; x_wconf 79' lang='lat' dir='ltr'><strong>Urinam</strong></span> <span class='ocrx_word' id='word_1_204' title='bbox 389 2618 509 2681; x_wconf 84' lang='lat' dir='ltr'><strong>statim</strong></span> <span class='ocrx_word' id='word_1_205' title='bbox 531 2617 687 2690; x_wconf 87' lang='lat' dir='ltr'><strong>moriar,</strong></span> <span class='ocrx_word' id='word_1_206' title='bbox 711 2638 790 2679; x_wconf 86' lang='lat' dir='ltr'><strong>cum</strong></span> <span class='ocrx_word' id='word_1_207' title='bbox 805 2638 873 2678; x_wconf 86' lang='lat' dir='ltr'><strong>non</strong></span> <span class='ocrx_word' id='word_1_208' title='bbox 891 2617 994 2698; x_wconf 86' lang='lat' dir='ltr'><strong>potui</strong></span> <span class='ocrx_word' id='word_1_209' title='bbox 1015 2616 1127 2693; x_wconf 86' lang='lat' dir='ltr'><strong>socio,</strong></span> <span class='ocrx_word' id='word_1_210' title='bbox 1152 2619 1371 2703; x_wconf 86' lang='lat' dir='ltr'><strong>(Patroclo,)</strong></span> <span class='ocrx_word' id='word_1_211' title='bbox 1393 2650 1471 2690; x_wconf 82' lang='lat' dir='ltr'><strong>eum</strong></span> 
     </span>
     <span class='ocr_line' id='line_1_26' title="bbox 138 2709 1077 2800; baseline -0.002 -27"><span class='ocrx_word' id='word_1_212' title='bbox 138 2710 413 2789; x_wconf 79' lang='lat' dir='ltr'><strong>interficeretur,</strong></span> <span class='ocrx_word' id='word_1_213' title='bbox 449 2733 549 2794; x_wconf 86' lang='lat' dir='ltr'><strong>opem</strong></span> <span class='ocrx_word' id='word_1_214' title='bbox 559 2709 683 2800; x_wconf 81' lang='lat' dir='ltr'><strong>ferre.</strong></span> <span class='ocrx_word' id='word_1_215' title='bbox 729 2712 770 2770; x_wconf 93' lang='lat' dir='ltr'><strong>ad</strong></span> <span class='ocrx_word' id='word_1_216' title='bbox 794 2712 864 2772; x_wconf 82' lang='lat' dir='ltr'><strong>Art.</strong></span> <span class='ocrx_word' id='word_1_217' title='bbox 891 2710 955 2772; x_wconf 87' lang='lat' dir='ltr'><strong>IX.</strong></span> <span class='ocrx_word' id='word_1_218' title='bbox 980 2712 1017 2784; x_wconf 91' lang='grc'><strong>5,</strong></span> <span class='ocrx_word' id='word_1_219' title='bbox 1046 2710 1077 2771; x_wconf 88' lang='grc'><strong>3.</strong></span> 
     </span>
    </p>

    <p class='ocr_par' dir='ltr' id='par_1_9' title="bbox 136 2802 1470 3186">
     <span class='ocr_line' id='line_1_27' title="bbox 220 2802 1469 2896; baseline 0.006 -26"><span class='ocrx_word' id='word_1_220' title='bbox 220 2808 435 2888; x_wconf 79' lang='grc' dir='ltr'><strong>Αὐτονομία,</strong></span> <span class='ocrx_word' id='word_1_221' title='bbox 447 2803 617 2895; x_wconf 82' lang='lat' dir='ltr'><strong>facultas</strong></span> <span class='ocrx_word' id='word_1_222' title='bbox 639 2816 672 2866; x_wconf 89' lang='lat' dir='ltr'><strong>et</strong></span> <span class='ocrx_word' id='word_1_223' title='bbox 694 2803 834 2866; x_wconf 84' lang='lat' dir='ltr'><strong>libertos</strong></span> <span class='ocrx_word' id='word_1_224' title='bbox 855 2802 929 2865; x_wconf 85' lang='lat' dir='ltr'><strong>suis</strong></span> <span class='ocrx_word' id='word_1_225' title='bbox 952 2803 1070 2866; x_wconf 84' lang='lat' dir='ltr'><strong>utendi</strong></span> <span class='ocrx_word' id='word_1_226' title='bbox 1091 2805 1237 2887; x_wconf 83' lang='lat' dir='ltr'><strong>legibus.</strong></span> <span class='ocrx_word' id='word_1_227' title='bbox 1271 2811 1388 2876; x_wconf 88' lang='lat' dir='ltr'><strong>Graeci</strong></span> <span class='ocrx_word' id='word_1_228' title='bbox 1412 2838 1469 2896; x_wconf 87' lang='lat' dir='ltr'><strong>„se</strong></span> 
     </span>
     <span class='ocr_line' id='line_1_28' title="bbox 137 2896 1469 2985; baseline -0.005 -19"><span class='ocrx_word' id='word_1_229' title='bbox 137 2904 341 2983; x_wconf 75' lang='grc' dir='ltr'><strong>αὐτονομίαν</strong></span> <span class='ocrx_word' id='word_1_230' title='bbox 364 2901 497 2982; x_wconf 87' lang='lat' dir='ltr'><strong>adeptos</strong></span> <span class='ocrx_word' id='word_1_231' title='bbox 520 2910 644 2980; x_wconf 89' lang='lat' dir='ltr'><strong>putant.</strong></span> <span class='ocrx_word' id='word_1_232' title='bbox 654 2896 671 2919; x_wconf 87' lang='grc'><em>”</em></span> <span class='ocrx_word' id='word_1_233' title='bbox 695 2899 734 2960; x_wconf 90' lang='lat' dir='ltr'><strong>ad</strong></span> <span class='ocrx_word' id='word_1_234' title='bbox 757 2898 828 2959; x_wconf 76' lang='lat' dir='ltr'><strong>Ars.</strong></span> <span class='ocrx_word' id='word_1_235' title='bbox 852 2897 917 2958; x_wconf 89' lang='lat' dir='ltr'><strong>VI.</strong></span> <span class='ocrx_word' id='word_1_236' title='bbox 944 2899 981 2971; x_wconf 89' lang='grc'><strong>1,</strong></span> <span class='ocrx_word' id='word_1_237' title='bbox 1009 2898 1060 2960; x_wconf 92' lang='grc'><strong>15.</strong></span> <span class='ocrx_word' id='word_1_238' title='bbox 1085 2930 1125 2941; x_wconf 96' lang='grc'><strong>-</strong></span> <span class='ocrx_word' id='word_1_239' title='bbox 1165 2901 1308 2974; x_wconf 84' lang='lat' dir='ltr'><strong>„Omnes</strong></span> <span class='ocrx_word' id='word_1_240' title='bbox 1340 2908 1469 2985; x_wconf 73' lang='lat' dir='ltr'><strong>(civita.</strong></span> 
     </span>
     <span class='ocr_line' id='line_1_29' title="bbox 136 2990 1470 3078; baseline 0.009 -22"><span class='ocrx_word' id='word_1_241' title='bbox 136 2996 204 3073; x_wconf 86' lang='lat' dir='ltr'><strong>tes)</strong></span> <span class='ocrx_word' id='word_1_242' title='bbox 227 2993 292 3055; x_wconf 89' lang='lat' dir='ltr'><strong>suis</strong></span> <span class='ocrx_word' id='word_1_243' title='bbox 315 2992 439 3078; x_wconf 84' lang='lat' dir='ltr'><strong>legibus</strong></span> <span class='ocrx_word' id='word_1_244' title='bbox 462 3004 493 3054; x_wconf 93' lang='lat' dir='ltr'><strong>et</strong></span> <span class='ocrx_word' id='word_1_245' title='bbox 515 2990 638 3055; x_wconf 91' lang='lat' dir='ltr'><strong>iudiciis</strong></span> <span class='ocrx_word' id='word_1_246' title='bbox 660 3012 754 3066; x_wconf 90' lang='lat' dir='ltr'><strong>usae,</strong></span> <span class='ocrx_word' id='word_1_247' title='bbox 778 2992 982 3074; x_wconf 77' lang='grc' dir='ltr'><strong>αὐτονομίαν</strong></span> <span class='ocrx_word' id='word_1_248' title='bbox 998 2993 1149 3076; x_wconf 86' lang='lat' dir='ltr'><strong>adeptae,</strong></span> <span class='ocrx_word' id='word_1_249' title='bbox 1173 2998 1404 3066; x_wconf 79' lang='lat' dir='ltr'><strong>revixerunt.‘&#39;</strong></span> <span class='ocrx_word' id='word_1_250' title='bbox 1429 3008 1470 3068; x_wconf 89' lang='lat' dir='ltr'><strong>ad</strong></span> 
     </span>
     <span class='ocr_line' id='line_1_30' title="bbox 136 3078 1184 3186; baseline -0.008 -32"><span class='ocrx_word' id='word_1_251' title='bbox 136 3089 208 3154; x_wconf 84' lang='grc' dir='ltr'><strong>Αιι.</strong></span> <span class='ocrx_word' id='word_1_252' title='bbox 234 3087 366 3162; x_wconf 84' lang='lat' dir='ltr'><strong>V1.2,</strong></span> <span class='ocrx_word' id='word_1_253' title='bbox 395 3088 426 3151; x_wconf 81' lang='lat' dir='ltr'><strong>t.</strong></span> <span class='ocrx_word' id='word_1_254' title='bbox 839 3078 847 3087; x_wconf 86' lang='lat'><em>&#39;</em></span> <span class='ocrx_word' id='word_1_255' title='bbox 1176 3137 1184 3186; x_wconf 69' lang='grc'>,</span> 
     </span>
    </p>

    <p class='ocr_par' dir='ltr' id='par_1_10' title="bbox 220 3181 805 3268">
     <span class='ocr_line' id='line_1_31' title="bbox 220 3181 805 3268; baseline -0.005 -20"><span class='ocrx_word' id='word_1_256' title='bbox 220 3183 411 3248; x_wconf 84' lang='grc' dir='ltr'><strong>Αὐτόιατα.</strong></span> <span class='ocrx_word' id='word_1_257' title='bbox 436 3181 515 3244; x_wconf 90' lang='lat' dir='ltr'><strong>Vid.</strong></span> <span class='ocrx_word' id='word_1_258' title='bbox 539 3182 805 3268; x_wconf 77' lang='grc' dir='ltr'><strong>Παραφύλαξον.</strong></span> 
     </span>
    </p>

    <p class='ocr_par' dir='ltr' id='par_1_11' title="bbox 137 3276 1470 3541">
     <span class='ocr_line' id='line_1_32' title="bbox 220 3276 1468 3364; baseline 0.007 -23"><span class='ocrx_word' id='word_1_259' title='bbox 220 3277 421 3356; x_wconf 67' lang='grc' dir='ltr'><strong>Λύτόχδων,</strong></span> <span class='ocrx_word' id='word_1_260' title='bbox 457 3277 594 3341; x_wconf 85' lang='lat' dir='ltr'><strong>nativus</strong></span> <span class='ocrx_word' id='word_1_261' title='bbox 623 3289 657 3341; x_wconf 86' lang='lat' dir='ltr'><strong>et</strong></span> <span class='ocrx_word' id='word_1_262' title='bbox 690 3277 867 3360; x_wconf 84' lang='lat' dir='ltr'><strong>indigena.</strong></span> <span class='ocrx_word' id='word_1_263' title='bbox 922 3276 1141 3361; x_wconf 88' lang='lat' dir='ltr'><strong>Opponuntur</strong></span> <span class='ocrx_word' id='word_1_264' title='bbox 1172 3283 1373 3362; x_wconf 62' lang='grc' dir='ltr'><strong>αὐτόχθονες</strong></span> <span class='ocrx_word' id='word_1_265' title='bbox 1407 3287 1468 3364; x_wconf 89' lang='lat' dir='ltr'><strong>iis,</strong></span> 
     </span>
     <span class='ocr_line' id='line_1_33' title="bbox 137 3368 1470 3457; baseline 0.01 -23"><span class='ocrx_word' id='word_1_266' title='bbox 137 3368 192 3456; x_wconf 89' lang='lat' dir='ltr'><strong>qui</strong></span> <span class='ocrx_word' id='word_1_267' title='bbox 214 3392 272 3454; x_wconf 89' lang='lat' dir='ltr'><strong>per</strong></span> <span class='ocrx_word' id='word_1_268' title='bbox 293 3371 452 3435; x_wconf 87' lang='lat' dir='ltr'><strong>coloniam</strong></span> <span class='ocrx_word' id='word_1_269' title='bbox 474 3371 507 3434; x_wconf 90' lang='lat' dir='ltr'><strong>in</strong></span> <span class='ocrx_word' id='word_1_270' title='bbox 529 3370 697 3456; x_wconf 82' lang='lat' dir='ltr'><strong>regionem</strong></span> <span class='ocrx_word' id='word_1_271' title='bbox 720 3370 846 3434; x_wconf 89' lang='lat' dir='ltr'><strong>aliunde</strong></span> <span class='ocrx_word' id='word_1_272' title='bbox 869 3372 954 3435; x_wconf 88' lang='lat' dir='ltr'><strong>ducti</strong></span> <span class='ocrx_word' id='word_1_273' title='bbox 980 3385 1066 3436; x_wconf 76' lang='lat' dir='ltr'><strong>sumt.</strong></span> <span class='ocrx_word' id='word_1_274' title='bbox 1118 3374 1326 3457; x_wconf 63' lang='grc' dir='ltr'><strong>,Αὐτόχδων</strong></span> <span class='ocrx_word' id='word_1_275' title='bbox 1354 3381 1386 3443; x_wconf 91' lang='lat' dir='ltr'><strong>in</strong></span> <span class='ocrx_word' id='word_1_276' title='bbox 1409 3384 1470 3447; x_wconf 89' lang='lat' dir='ltr'><strong>ho·</strong></span> 
     </span>
     <span class='ocr_line' id='line_1_34' title="bbox 138 3464 928 3541; baseline 0.001 -14"><span class='ocrx_word' id='word_1_277' title='bbox 138 3464 220 3529; x_wconf 89' lang='lat' dir='ltr'><strong>mine</strong></span> <span class='ocrx_word' id='word_1_278' title='bbox 243 3465 405 3530; x_wconf 88' lang='lat' dir='ltr'><strong>urbanitas</strong></span> <span class='ocrx_word' id='word_1_279' title='bbox 428 3476 488 3528; x_wconf 88' lang='lat' dir='ltr'><strong>est.</strong></span> <span class='ocrx_word' id='word_1_280' title='bbox 500 3465 517 3490; x_wconf 88' lang='lat'><strong>”</strong></span> <span class='ocrx_word' id='word_1_281' title='bbox 562 3469 601 3528; x_wconf 89' lang='lat' dir='ltr'><strong>ad</strong></span> <span class='ocrx_word' id='word_1_282' title='bbox 622 3468 697 3531; x_wconf 78' lang='lat' dir='ltr'><strong>Ast.</strong></span> <span class='ocrx_word' id='word_1_283' title='bbox 721 3466 806 3530; x_wconf 90' lang='lat' dir='ltr'><strong>Vll.</strong></span> <span class='ocrx_word' id='word_1_284' title='bbox 831 3467 868 3541; x_wconf 94' lang='grc'><strong>9,</strong></span> <span class='ocrx_word' id='word_1_285' title='bbox 895 3466 928 3529; x_wconf 90' lang='grc'><strong>3.</strong></span> 
     </span>
    </p>

    <p class='ocr_par' dir='ltr' id='par_1_12' title="bbox 137 3559 1470 4021">
     <span class='ocr_line' id='line_1_35' title="bbox 222 3559 1470 3648; baseline 0.009 -24"><span class='ocrx_word' id='word_1_286' title='bbox 222 3563 323 3641; x_wconf 75' lang='grc' dir='ltr'><strong>Αὐτῷ</strong></span> <span class='ocrx_word' id='word_1_287' title='bbox 346 3563 389 3642; x_wconf 74' lang='grc' dir='ltr'><strong>τῷ</strong></span> <span class='ocrx_word' id='word_1_288' title='bbox 412 3573 519 3648; x_wconf 69' lang='grc' dir='ltr'><strong>μέτρῳ</strong></span> <span class='ocrx_word' id='word_1_289' title='bbox 547 3572 603 3625; x_wconf 83' lang='grc' dir='ltr'><strong>καί</strong></span> <span class='ocrx_word' id='word_1_290' title='bbox 625 3559 738 3638; x_wconf 70' lang='lat' dir='ltr'><strong>duitor,</strong></span> <span class='ocrx_word' id='word_1_291' title='bbox 762 3567 833 3625; x_wconf 73' lang='grc' dir='ltr'><strong>αἴνε</strong></span> <span class='ocrx_word' id='word_1_292' title='bbox 853 3562 987 3640; x_wconf 80' lang='grc' dir='ltr'><strong>δύνηαι,</strong></span> <span class='ocrx_word' id='word_1_293' title='bbox 1016 3563 1135 3627; x_wconf 78' lang='lat' dir='ltr'><strong>eodem</strong></span> <span class='ocrx_word' id='word_1_294' title='bbox 1157 3588 1322 3631; x_wconf 83' lang='lat' dir='ltr'><strong>mensura</strong></span> <span class='ocrx_word' id='word_1_295' title='bbox 1343 3590 1378 3634; x_wconf 82' lang='lat' dir='ltr'><strong>et</strong></span> <span class='ocrx_word' id='word_1_296' title='bbox 1400 3595 1470 3635; x_wconf 88' lang='lat' dir='ltr'><strong>me·</strong></span> 
     </span>
     <span class='ocr_line' id='line_1_36' title="bbox 138 3653 1469 3747; baseline 0.005 -27"><span class='ocrx_word' id='word_1_297' title='bbox 138 3657 223 3732; x_wconf 83' lang='lat' dir='ltr'><strong>Iius,</strong></span> <span class='ocrx_word' id='word_1_298' title='bbox 258 3655 290 3718; x_wconf 86' lang='lat' dir='ltr'><strong>si</strong></span> <span class='ocrx_word' id='word_1_299' title='bbox 316 3654 420 3719; x_wconf 82' lang='lat' dir='ltr'><strong>modo</strong></span> <span class='ocrx_word' id='word_1_300' title='bbox 443 3653 572 3738; x_wconf 83' lang='lat' dir='ltr'><strong>possis.</strong></span> <span class='ocrx_word' id='word_1_301' title='bbox 630 3657 730 3740; x_wconf 85' lang='lat' dir='ltr'><strong>„Ego</strong></span> <span class='ocrx_word' id='word_1_302' title='bbox 761 3667 864 3718; x_wconf 86' lang='lat' dir='ltr'><strong>autem</strong></span> <span class='ocrx_word' id='word_1_303' title='bbox 892 3677 940 3717; x_wconf 91' lang='lat' dir='ltr'><strong>me</strong></span> <span class='ocrx_word' id='word_1_304' title='bbox 962 3659 1114 3738; x_wconf 85' lang='lat' dir='ltr'><strong>parabam</strong></span> <span class='ocrx_word' id='word_1_305' title='bbox 1146 3663 1186 3722; x_wconf 94' lang='lat' dir='ltr'><strong>ad</strong></span> <span class='ocrx_word' id='word_1_306' title='bbox 1215 3659 1263 3738; x_wconf 95' lang='lat' dir='ltr'><strong>id,</strong></span> <span class='ocrx_word' id='word_1_307' title='bbox 1297 3668 1384 3747; x_wconf 93' lang='lat' dir='ltr'><strong>quod</strong></span> <span class='ocrx_word' id='word_1_308' title='bbox 1417 3667 1469 3730; x_wconf 84' lang='lat' dir='ltr'><strong>ille</strong></span> 
     </span>
     <span class='ocr_line' id='line_1_37' title="bbox 138 3749 1468 3839; baseline 0.008 -24"><span class='ocrx_word' id='word_1_309' title='bbox 138 3753 215 3815; x_wconf 87' lang='lat' dir='ltr'><strong>mihi</strong></span> <span class='ocrx_word' id='word_1_310' title='bbox 236 3749 390 3824; x_wconf 88' lang='lat' dir='ltr'><strong>misisset,</strong></span> <span class='ocrx_word' id='word_1_311' title='bbox 416 3760 454 3814; x_wconf 93' lang='lat' dir='ltr'><strong>ut</strong></span> <span class='ocrx_word' id='word_1_312' title='bbox 475 3752 566 3832; x_wconf 73' lang='grc' dir='ltr'><strong>αὐτῷ</strong></span> <span class='ocrx_word' id='word_1_313' title='bbox 584 3757 629 3833; x_wconf 76' lang='grc' dir='ltr'><strong>τῷ</strong></span> <span class='ocrx_word' id='word_1_314' title='bbox 649 3763 756 3839; x_wconf 73' lang='grc' dir='ltr'><strong>μέτρῳ</strong></span> <span class='ocrx_word' id='word_1_315' title='bbox 777 3762 834 3815; x_wconf 81' lang='grc' dir='ltr'><strong>καὶ</strong></span> <span class='ocrx_word' id='word_1_316' title='bbox 855 3750 968 3827; x_wconf 77' lang='grc' dir='ltr'><strong>λώϊον,</strong></span> <span class='ocrx_word' id='word_1_317' title='bbox 993 3752 1021 3815; x_wconf 85' lang='lat' dir='ltr'><strong>si</strong></span> <span class='ocrx_word' id='word_1_318' title='bbox 1043 3756 1139 3817; x_wconf 90' lang='lat' dir='ltr'><strong>modo</strong></span> <span class='ocrx_word' id='word_1_319' title='bbox 1161 3755 1350 3838; x_wconf 86' lang='lat' dir='ltr'><strong>potuissem.</strong></span> <span class='ocrx_word' id='word_1_320' title='bbox 1384 3763 1468 3825; x_wconf 92' lang='lat' dir='ltr'><strong>Nam</strong></span> 
     </span>
     <span class='ocr_line' id='line_1_38' title="bbox 137 3841 1468 3932; baseline 0.009 -23"><span class='ocrx_word' id='word_1_321' title='bbox 137 3842 315 3925; x_wconf 76' lang='grc' dir='ltr'><strong>1ιοοιιὶιιιι</strong></span> <span class='ocrx_word' id='word_1_322' title='bbox 338 3841 501 3908; x_wconf 85' lang='lat' dir='ltr'><strong>Hesiodus</strong></span> <span class='ocrx_word' id='word_1_323' title='bbox 530 3845 703 3922; x_wconf 85' lang='lat' dir='ltr'><strong>adscribit,</strong></span> <span class='ocrx_word' id='word_1_324' title='bbox 734 3849 806 3911; x_wconf 87' lang='grc' dir='ltr'><strong>αἴκε</strong></span> <span class='ocrx_word' id='word_1_325' title='bbox 835 3846 960 3925; x_wconf 83' lang='grc' dir='ltr'><strong>δύνηαι.</strong></span> <span class='ocrx_word' id='word_1_326' title='bbox 972 3848 991 3872; x_wconf 87' lang='grc'>”</span> <span class='ocrx_word' id='word_1_327' title='bbox 1041 3850 1082 3911; x_wconf 87' lang='lat' dir='ltr'><strong>ad</strong></span> <span class='ocrx_word' id='word_1_328' title='bbox 1108 3848 1179 3914; x_wconf 78' lang='lat' dir='ltr'><strong>Ait.</strong></span> <span class='ocrx_word' id='word_1_329' title='bbox 1206 3851 1310 3915; x_wconf 85' lang='lat' dir='ltr'><strong>XIII.</strong></span> <span class='ocrx_word' id='word_1_330' title='bbox 1343 3855 1402 3932; x_wconf 89' lang='grc'><strong>19,</strong></span> <span class='ocrx_word' id='word_1_331' title='bbox 1435 3857 1468 3922; x_wconf 85' lang='grc'><strong>3.</strong></span> 
     </span>
     <span class='ocr_line' id='line_1_39' title="bbox 137 3938 756 4021; baseline -0.008 -14"><span class='ocrx_word' id='word_1_332' title='bbox 137 3939 302 4007; x_wconf 85' lang='lat' dir='ltr'><strong>Hesiodus</strong></span> <span class='ocrx_word' id='word_1_333' title='bbox 326 3938 437 4021; x_wconf 82' lang='lat' dir='ltr'><strong>Opera</strong></span> <span class='ocrx_word' id='word_1_334' title='bbox 460 3950 492 4001; x_wconf 93' lang='lat' dir='ltr'><strong>et</strong></span> <span class='ocrx_word' id='word_1_335' title='bbox 513 3939 592 4004; x_wconf 85' lang='lat' dir='ltr'><strong>Dies</strong></span> <span class='ocrx_word' id='word_1_336' title='bbox 614 3962 649 4004; x_wconf 88' lang='lat' dir='ltr'><strong>v.</strong></span> <span class='ocrx_word' id='word_1_337' title='bbox 670 3940 756 4005; x_wconf 73' lang='lat'><strong>349:</strong></span> 
     </span>
    </p>

    <p class='ocr_par' dir='ltr' id='par_1_13' title="bbox 307 4030 1286 4214">
     <span class='ocr_line' id='line_1_40' title="bbox 307 4030 1286 4123; baseline 0.008 -22"><span class='ocrx_word' id='word_1_338' title='bbox 307 4030 359 4101; x_wconf 78' lang='lat' dir='ltr'><strong>Ed</strong></span> <span class='ocrx_word' id='word_1_339' title='bbox 378 4044 439 4118; x_wconf 70' lang='lat' dir='ltr'><strong>ptr</strong></span> <span class='ocrx_word' id='word_1_340' title='bbox 459 4040 650 4120; x_wconf 59' lang='grc' dir='ltr'><strong>μετρεῖσθαι</strong></span> <span class='ocrx_word' id='word_1_341' title='bbox 675 4035 768 4123; x_wconf 81' lang='grc' dir='ltr'><strong>παρὰ</strong></span> <span class='ocrx_word' id='word_1_342' title='bbox 794 4046 954 4119; x_wconf 77' lang='grc' dir='ltr'><strong>γείτονος,</strong></span> <span class='ocrx_word' id='word_1_343' title='bbox 980 4033 1017 4105; x_wconf 83' lang='grc' dir='ltr'><strong>εὐ</strong></span> <span class='ocrx_word' id='word_1_344' title='bbox 1037 4041 1066 4105; x_wconf 77' lang='grc' dir='ltr'><strong>δ’</strong></span> <span class='ocrx_word' id='word_1_345' title='bbox 1083 4040 1286 4120; x_wconf 72' lang='grc' dir='ltr'><strong>ἀποδοῦναι,</strong></span> 
     </span>
     <span class='ocr_line' id='line_1_41' title="bbox 307 4131 1072 4214; baseline 0.008 -19"><span class='ocrx_word' id='word_1_346' title='bbox 307 4131 408 4210; x_wconf 73' lang='grc' dir='ltr'><strong>Αὐτῷ</strong></span> <span class='ocrx_word' id='word_1_347' title='bbox 436 4133 609 4214; x_wconf 67' lang='grc' dir='ltr'><strong>τῷμετρῳ</strong></span> <span class='ocrx_word' id='word_1_348' title='bbox 632 4141 689 4195; x_wconf 84' lang='grc' dir='ltr'><strong>καί</strong></span> <span class='ocrx_word' id='word_1_349' title='bbox 707 4131 821 4208; x_wconf 77' lang='grc' dir='ltr'><strong>λώϊον,</strong></span> <span class='ocrx_word' id='word_1_350' title='bbox 853 4138 924 4198; x_wconf 85' lang='grc' dir='ltr'><strong>αἴκε</strong></span> <span class='ocrx_word' id='word_1_351' title='bbox 947 4135 1072 4213; x_wconf 74' lang='grc' dir='ltr'><strong>δύνηαι.</strong></span> 
     </span>
    </p>

    <p class='ocr_par' dir='ltr' id='par_1_14' title="bbox 218 4223 856 4313">
     <span class='ocr_line' id='line_1_42' title="bbox 218 4223 856 4313; baseline 0.003 -23"><span class='ocrx_word' id='word_1_352' title='bbox 218 4227 429 4312; x_wconf 79' lang='grc' dir='ltr'><strong>Ἀφαίρεοις.</strong></span> <span class='ocrx_word' id='word_1_353' title='bbox 455 4223 533 4287; x_wconf 91' lang='lat' dir='ltr'><strong>Vid.</strong></span> <span class='ocrx_word' id='word_1_354' title='bbox 554 4227 615 4302; x_wconf 80' lang='grc' dir='ltr'><strong>Ἐξ</strong></span> <span class='ocrx_word' id='word_1_355' title='bbox 638 4227 856 4313; x_wconf 77' lang='grc' dir='ltr'><strong>ἀφαιρέσεως.</strong></span> 
     </span>
    </p>

    <p class='ocr_par' dir='ltr' id='par_1_15' title="bbox 138 4318 1468 4498">
     <span class='ocr_line' id='line_1_43' title="bbox 217 4318 1468 4432; baseline 0.014 -51.22"><span class='ocrx_word' id='word_1_356' title='bbox 217 4318 383 4400; x_wconf 77' lang='grc' dir='ltr'><strong>Αφατα,</strong></span> <span class='ocrx_word' id='word_1_357' title='bbox 417 4339 486 4381; x_wconf 86' lang='lat' dir='ltr'><strong>non</strong></span> <span class='ocrx_word' id='word_1_358' title='bbox 508 4318 665 4382; x_wconf 85' lang='lat' dir='ltr'><strong>dicendo.</strong></span> <span class='ocrx_word' id='word_1_359' title='bbox 719 4321 812 4402; x_wconf 83' lang='lat' dir='ltr'><strong>„Scit</strong></span> <span class='ocrx_word' id='word_1_360' title='bbox 842 4323 943 4401; x_wconf 89' lang='lat' dir='ltr'><strong>enim,</strong></span> <span class='ocrx_word' id='word_1_361' title='bbox 979 4347 1059 4408; x_wconf 90' lang='lat' dir='ltr'><strong>quae</strong></span> <span class='ocrx_word' id='word_1_362' title='bbox 1082 4326 1135 4389; x_wconf 92' lang='lat' dir='ltr'><strong>ille</strong></span> <span class='ocrx_word' id='word_1_363' title='bbox 1158 4329 1196 4390; x_wconf 93' lang='lat' dir='ltr'><strong>de</strong></span> <span class='ocrx_word' id='word_1_364' title='bbox 1218 4328 1306 4391; x_wconf 93' lang='lat' dir='ltr'><strong>hoc.</strong></span> <span class='ocrx_word' id='word_1_365' title='bbox 1345 4351 1468 4432; x_wconf 68' lang='lat' dir='ltr'><strong>mecum</strong></span> 
     </span>
     <span class='ocr_line' id='line_1_44' title="bbox 138 4411 977 4498; baseline 0.01 -24"><span class='ocrx_word' id='word_1_366' title='bbox 138 4411 311 4498; x_wconf 90' lang='lat' dir='ltr'><strong>quidem</strong></span> <span class='ocrx_word' id='word_1_367' title='bbox 286 4438 406 4494; x_wconf 83' lang='grc' dir='ltr'><strong>αφατα</strong></span> <span class='ocrx_word' id='word_1_368' title='bbox 432 4411 549 4476; x_wconf 85' lang='lat' dir='ltr'><strong>olim.”</strong></span> <span class='ocrx_word' id='word_1_369' title='bbox 592 4418 632 4476; x_wconf 92' lang='lat' dir='ltr'><strong>ad</strong></span> <span class='ocrx_word' id='word_1_370' title='bbox 653 4416 725 4478; x_wconf 79' lang='lat' dir='ltr'><strong>Art.</strong></span> <span class='ocrx_word' id='word_1_371' title='bbox 749 4416 830 4479; x_wconf 84' lang='lat' dir='ltr'><strong>XV.</strong></span> <span class='ocrx_word' id='word_1_372' title='bbox 857 4419 915 4492; x_wconf 93' lang='grc'><strong>19,</strong></span> <span class='ocrx_word' id='word_1_373' title='bbox 945 4419 977 4482; x_wconf 92' lang='grc'><strong>9.</strong></span> 
     </span>
    </p>
   </div>
   <div class='ocr_carea' id='block_1_4' title="bbox 134 4501 1467 4696">
    <p class='ocr_par' dir='ltr' id='par_1_16' title="bbox 134 4501 1467 4690">
     <span class='ocr_line' id='line_1_45' title="bbox 214 4501 1465 4610; baseline 0.009 -35.124"><span class='ocrx_word' id='word_1_374' title='bbox 214 4508 368 4591; x_wconf 79' lang='lat' dir='ltr'><strong>Amara</strong></span> <span class='ocrx_word' id='word_1_375' title='bbox 390 4510 571 4594; x_wconf 76' lang='grc' dir='ltr'><strong>ἀδιήγητα,</strong></span> <span class='ocrx_word' id='word_1_376' title='bbox 603 4512 855 4589; x_wconf 65' lang='lat' dir='ltr'><strong>mendicemus,</strong></span> <span class='ocrx_word' id='word_1_377' title='bbox 879 4537 950 4581; x_wconf 85' lang='lat' dir='ltr'><strong>non</strong></span> <span class='ocrx_word' id='word_1_378' title='bbox 964 4501 1350 4610; x_wconf 64' lang='lat' dir='ltr'><strong>narranda.„ir1ulta</strong></span> <span class='ocrx_word' id='word_1_379' title='bbox 1324 4547 1465 4604; x_wconf 75' lang='grc' dir='ltr'><strong>αφατα,</strong></span> 
     </span>
     <span class='ocr_line' id='line_1_46' title="bbox 134 4605 1467 4696; baseline 0.008 -26"><span class='ocrx_word' id='word_1_380' title='bbox 134 4605 318 4688; x_wconf 82' lang='grc' dir='ltr'><strong>ἀδιηγητα,</strong></span> <span class='ocrx_word' id='word_1_381' title='bbox 343 4606 517 4670; x_wconf 83' lang='lat' dir='ltr'><strong>sedunum</strong></span> <span class='ocrx_word' id='word_1_382' title='bbox 540 4605 713 4683; x_wconf 89' lang='lat' dir='ltr'><strong>eiusmodi,</strong></span> <span class='ocrx_word' id='word_1_383' title='bbox 737 4611 841 4690; x_wconf 90' lang='lat' dir='ltr'><strong>quod,</strong></span> <span class='ocrx_word' id='word_1_384' title='bbox 867 4608 927 4672; x_wconf 93' lang='lat' dir='ltr'><strong>nisi</strong></span> <span class='ocrx_word' id='word_1_385' title='bbox 949 4611 1111 4696; x_wconf 85' lang='lat' dir='ltr'><strong>exercitus</strong></span> <span class='ocrx_word' id='word_1_386' title='bbox 1132 4612 1249 4691; x_wconf 89' lang='lat' dir='ltr'><strong>sciret,</strong></span> <span class='ocrx_word' id='word_1_387' title='bbox 1280 4636 1344 4679; x_wconf 91' lang='lat' dir='ltr'><strong>non</strong></span> <span class='ocrx_word' id='word_1_388' title='bbox 1368 4617 1467 4681; x_wconf 91' lang='lat' dir='ltr'><strong>modo</strong></span> 
     </span>
    </p>
   </div>
   <div class='ocr_carea' id='block_1_5' title="bbox 53 4691 1467 4872">
    <p class='ocr_par' dir='ltr' id='par_1_17' title="bbox 53 4691 1467 4872">
     <span class='ocr_line' id='line_1_47' title="bbox 131 4691 1467 4861; baseline 0.009 -100"><span class='ocrx_word' id='word_1_389' title='bbox 131 4699 432 4861; x_wconf 48' lang='lat' dir='ltr'><strong>{iiiniudicim’</strong></span> <span class='ocrx_word' id='word_1_390' title='bbox 470 4703 526 4764; x_wconf 91' lang='lat' dir='ltr'><strong>sed</strong></span> <span class='ocrx_word' id='word_1_391' title='bbox 556 4723 596 4765; x_wconf 93' lang='lat' dir='ltr'><strong>nc</strong></span> <span class='ocrx_word' id='word_1_392' title='bbox 628 4699 697 4785; x_wconf 84' lang='lat' dir='ltr'><strong>ipse</strong></span> <span class='ocrx_word' id='word_1_393' title='bbox 730 4702 856 4788; x_wconf 90' lang='lat' dir='ltr'><strong>quidem</strong></span> <span class='ocrx_word' id='word_1_394' title='bbox 890 4705 1039 4770; x_wconf 87' lang='lat' dir='ltr'><strong>auderem</strong></span> <span class='ocrx_word' id='word_1_395' title='bbox 1060 4691 1263 4792; x_wconf 52' lang='lat' dir='ltr'><strong>pmibercst</strong></span> <span class='ocrx_word' id='word_1_396' title='bbox 1322 4711 1363 4775; x_wconf 87' lang='lat' dir='ltr'><strong>ad</strong></span> <span class='ocrx_word' id='word_1_397' title='bbox 1391 4711 1467 4775; x_wconf 80' lang='lat' dir='ltr'><strong>Au.</strong></span> 
     </span>
     <span class='ocr_line' id='line_1_48' title="bbox 53 4837 367 4872; baseline 0.006 -17"><span class='ocrx_word' id='word_1_398' title='bbox 53 4846 57 4852; x_wconf 90' lang='lat'><strong>.</strong></span> <span class='ocrx_word' id='word_1_399' title='bbox 225 4838 236 4859; x_wconf 83' lang='lat'><strong>.</strong></span> <span class='ocrx_word' id='word_1_400' title='bbox 291 4839 301 4872; x_wconf 92' lang='lat'><strong>,</strong></span> <span class='ocrx_word' id='word_1_401' title='bbox 357 4837 367 4857; x_wconf 95' lang='lat'><strong>.</strong></span> 
     </span>
    </p>
   </div>
   <div class='ocr_carea' id='block_1_6' title="bbox 0 0 1606 5318">
    <p class='ocr_par' dir='ltr' id='par_1_18' title="bbox 0 0 1606 5318">
     <span class='ocr_line' id='line_1_49' title="bbox 0 0 1606 5318; baseline 0 2"><span class='ocrx_word' id='word_1_402' title='bbox 0 0 1606 5318; x_wconf 95' lang='lat' dir='ltr'><strong> </strong></span> 
     </span>
    </p>
   </div>
  </div>
 </body>
</html>
