3202 5318
559 330 627 398 AD
647 328 909 399 Ascoutunt.
1339 332 1402 399 333

159 477 202 541 Ρ.
228 476 282 539 58.
304 472 328 538 Ι.
353 474 385 538 5.
409 472 628 537 tribuniciam
656 473 934 539 intercessionem
959 471 1102 556 diceret]
1134 474 1217 539 Rau.
1234 466 1402 560 legendnln

73 571 238 645 55151555
259 570 383 624 eontra
401 559 481 624 trib.
502 557 528 621 i.
551 578 622 621 esse
643 557 790 630 diceret:
813 558 863 623 rel
885 556 952 622 sine
974 580 1067 635 esse,
1092 559 1197 623 deleto
1219 559 1358 625 diceret.

161 646 203 710 P.
227 644 280 707 58.
305 644 328 707 Ι.
352 644 385 707 5.
407 641 478 724 eos]
502 644 733 708 5555551555.

161 720 203 797 Ρ.
228 729 282 793 58.
305 729 331 792 Ι.
355 729 387 791 5.
411 726 644 807 intendebant]
666 727 775 810 Lugd.
796 761 837 774 ·-
859 727 1073 791 intentabant
1095 726 1211 791 Ambe.
1232 728 1367 802 Recte„
1498 776 1508 800 .

160 817 204 881 Ρ.
228 816 282 878 58.
307 812 330 877 Ι.
356 816 408 875 17.
432 833 488 875 res
509 823 669 874 cunctam
688 811 857 895 gratiam]
880 832 936 874 res
950 833 1028 874 eam
1042 822 1104 873 aut
1118 812 1273 895 gratiam
1287 813 1403 879 151555.

161 902 204 967 Ρ.
227 900 281 963 58.
305 899 329 961 Ι.
353 898 406 960 18.
429 896 597 977 solebant]
619 900 843 960 assueverant
866 897 981 961 Ambr.
1003 897 1252 979 Lugd.'Reete.
1417 930 1422 941 ·

161 987 204 1052 Ρ.
229 984 282 1047 58.
306 984 329 1046 Ι.
354 982 408 1045 20.
429 982 628 1045 tribunatus
655 981 730 1045 eius
753 994 918 1066 peractus
938 979 1004 1063 est]
1032 980 1230 1047 tribunatus
1250 992 1405 1067 tempore

74 1073 153 1139 eius
173 1078 354 1153 peractum
373 1078 427 1131 est
448 1068 562 1131 Arrrbr.
686 1066 698 1077 ’
777 1078 795 1115 ·

162 1157 205 1221 Ρ.
228 1153 283 1215 bi.
306 1152 331 1217 Ι.
354 1152 386 1215 9.
410 1174 462 1215 me
480 1149 658 1234 praetore]
680 1171 704 1214 a
724 1173 778 1214 me
797 1163 959 1234 praetore
981 1151 1111 1235 Lnga:
1136 1155 1224 1236 quod
1240 1173 1315 1218 rere
1329 1173 1405 1219 cor·

77 1251 203 1306 rectum
227 1260 243 1302 s
270 1236 424 1323 Sigonio,
454 1236 550 1319 apud
578 1257 630 1298 me
651 1249 865 1319 praetorem:
895 1235 926 1298 io
951 1236 1188 1317 praepositione
1214 1237 1317 1303 iseilis
1345 1235 1408 1303 tuit

74 1327 201 1410 lapsus,
227 1334 258 1385 et
281 1321 311 1384 in
333 1342 368 1385 m
389 1320 474 1384 555Ιί
496 1318 676 1384 sexcenties
699 1320 729 1384 in
753 1319 898 1384 Asconio
913 1330 1087 1402 'peccatum
1109 1332 1169 1385 est.
1215 1324 1301 1388 1155.

162 1411 205 1476 Ρ.
229 1408 283 1470 59.
305 1407 330 1470 Ι.
356 1406 407 1468 10.
432 1407 579 1469 Alterum
601 1405 755 1469 videlicet
775 1406 948 1469 tollendum
974 1405 1119 1481 videtur,
1143 1418 1174 1469 et
1196 1419 1336 1471 extremo
1361 1404 1408 1470 le-

76 1497 181 1581 gende
211 1513 281 1555 curn
311 1491 508 1554 exclamandi
532 1486 643 1577 signo:
680 1493 884 1574 Prospectat
911 1488 1066 1581 videlicpt
1092 1491 1288 1567 Cominius,
1322 1490 1409 1578 quid

75 1592 218 1664 agatur.
274 1577 441 1726 flamines
460 1572 619 1667 foeneos
651 1574 689 1637 in
721 1575 871 1641 medium
900 1576 948 1637 od
984 1575 1187 1641 tentandum
1213 1577 1408 1663 periculum

101 1664 269 1729 roiectoe!
345 1684 399 1723 55.

72 1688 101 1750 P
163 1749 205 1813 Ρ.
229 1746 282 1811 53.
305 1746 329 1809 Ι.
355 1748 386 1809 1.
411 1744 578 1811 Ciceronis
600 1744 697 1807 verba
716 1741 927 1826 probabiliter
949 1742 1087 1809 15515555
1109 1744 1155 1808 sie
1176 1746 1404 1812 restituentur:

74 1833 171 1918 Quid
176 1832 196 1895 3
217 1834 380 1897 Metellus
395 1852 531 1894 summa
545 1828 721 1893 nobilitate
734 1850 776 1891 ae
791 1829 931 1901 virtute,
950 1851 1027 1892 cum
1044 1829 1095 1892 bis
1104 1830 1279 1908 iurasses,
1303 1833 1409 1896 semel

70 1917 242 2003 priuatim
256 1921 437 1999 (poscente)
449 1927 562 1999 patre,
580 1914 706 1977 iterum
715 1912 848 1995 publice
863 1924 896 1976 et
910 1915 1002 1997 lege:
1023 1913 1174 1977 deiectus
1190 1929 1242 1980 est
1256 1918 1408 1981 ratione:

75 2024 122 2066 on
148 2002 210 2065 ui?
231 2004 286 2079 (nn
307 2000 428 2073 mettii)
450 2012 487 2063 at
506 1999 622 2063 utrius
641 1997 871 2080 suspicionem
893 2020 940 2060 en:
961 1998 1079 2061 animo
1100 2000 1191 2063 tollit
1217 2012 1252 2065 et
1272 2004 1312 2067 G.
1339 2004 1409 2068 Cu·

76 2088 190 2152 rionis
215 2085 326 2149 virtus
354 2107 394 2148 ae
421 2085 590 2168 dignitas,
625 2096 658 2147 et
684 2087 727 2166 Q.
751 2082 887 2148 Metelli
908 2083 1139 2148 adolescentia
1166 2084 1214 2149 ad
1237 2108 1409 2151 summam

77 2172 218 2237 landem
238 2170 395 2236 omnibus
417 2171 517 2233 rebus
540 2181 674 2232 ornata.
719 2168 803 2230 Bru.

165 2258 208 2321 P.
231 2256 284 2319 53.
309 2256 331 2318 Ι.
355 2257 387 2318 3.
411 2275 456 2316 an
478 2255 511 2316 ui
531 2276 578 2315 aa
600 2252 686 2332 ueri]
707 2273 754 2314 un
776 2253 808 2314 ui
829 2251 877 2313 ad
898 2252 970 2314 utri
992 2253 1102 2337 Lugd.

166 2344 209 2407 Ρ.
234 2340 288 2403 53.
312 2342 335 2402 Ι.
360 2340 392 2401 li.
416 2338 581 2402 desistere
602 2337 775 2400 interdum
792 2336 913 2399 debere
934 2337 977 2400 ab
990 2339 1209 2403 crematione
1229 2362 1326 2415 eum,
1349 2338 1410 2425 qui

80 2448 192 2511 neque
212 2425 425 2489 accruaoerit
446 2444 553 2508 neque
592 2418 697 2486 'ecerit
713 2421 925 2505 pactionem,
950 2422 1041 2485 Rau:
1075 2421 1242 2509 inquibus
1267 2446 1408 2489 555555-

81 2512 170 2576 verit
191 2509 371 2600 olfecerit
394 2511 550 2571 5555155
575 2553 584 2570 .
607 2508 719 2591 Lugd.

169 2597 211 2661 Ρ.
235 2596 288 2659 53.
312 2595 335 2658 Ι.
359 2594 527 2655 2515155
562 2594 743 2656 Metellum
776 2602 808 2653 et
841 2591 1026 2655 Curionem
1047 2586 1162 2681 faeta
1188 2595 1331 2676 pactio,
1366 2614 1410 2659 ne

78 2681 266 2745 arbitrium
292 2679 335 2743 de
355 2678 511 2741 libertate
531 2685 777 2759 perageretur,
802 2675 842 2751 (si
866 2677 1021 2754 venis)set
1037 2688 1153 2739 tamen
1172 2677 1229 2742 ille
1253 2680 1289 2741 in
1308 2680 1410 2743 liber·

80 2778 188 2830 tatem
220 2764 386 2838 debitam,
417 2784 523 2846 neque
551 2762 715 2826 Metellus
735 2772 908 2843 perstaret
931 2760 967 2822 in
992 2763 1212 2827 accusatione
1234 2765 1409 2830 Curionis.

81 2853 165 2917 Rau.
187 2849 274 2915 Cod.
298 2848 407 2931 Lugd.
430 2849 523 2910 55551
547 2858 582 2908 51
603 2849 653 2908 ed.
676 2867 727 2927 pr.
750 2848 807 2907 scd
828 2845 948 2908 omisso
970 2856 1019 2914 ut.
1288 2868 1291 2873 ·

169 2936 210 3000 P.
234 2936 288 2998 55.
312 2935 334 2996 Ι.
359 2938 389 2993 7.
412 2937 460 2996 At
481 2929 615 3011 tulisse]
638 2951 683 2992 an
698 2930 817 2993 tulisse
834 2932 943 3013 Lugd.
961 2966 1002 2976 —
1018 2933 1111 2997 Nam
1126 2933 1307 2999 subiecisse
1322 2936 1408 3001 Rsu.
1530 2940 1538 2949 “

169 3022 211 3086 Ρ.
235 3022 289 3082 ol.
313 3019 335 3080 Ι.
360 3019 392 3080 ll.
416 3020 488 3080 lata
508 3016 626 3097 esset]
648 3019 720 3077 lata
741 3028 804 3078 est.
828 3015 913 3078 Rau.

168 3106 210 3169 P.
235 3106 287 3168 55.
313 3104 335 3165 Ι.
361 3104 392 3164 5.
414 3100 529 3185 pater]
553 3101 606 3163 Sic
629 3100 720 3161 etiam
744 3101 853 3182 Lngd.
879 3136 920 3146 -
939 3106 1089 3187 populus
1113 3104 1197 3167 Rau.

169 3191 211 3253 P.
237 3192 290 3252 55.
314 3189 336 3248 Ι.
363 3190 413 3249 11.
439 3186 542 3250 Etiam
559 3187 630 3248 cod.
653 3185 764 3268 Lugd.
787 3186 883 3247 habet
897 3188 1104 3270 respublica,
1120 3193 1176 3252 sed
1199 3189 1321 3254 omissis
1335 3189 1410 3267 illis,
1495 3264 1499 3271 Ι

83 3297 168 3361 5555
190 3275 273 3337 inter
294 3274 356 3336 hoe
378 3274 511 3333 verbum
535 3270 631 3333 semel
655 3270 834 3351 iterumque
857 3270 995 3350 positum
1018 3273 1186 3357 leguntur-3
1210 3296 1272 3357 pro
1295 3286 1411 3338 manet

85 3361 217 3424 exhibet
246 3369 361 3421 manet
388 3367 429 3419 et.
474 3356 661 3439 Legendum
690 3354 765 3416 mihi
797 3355 938 3419 ridetur:
969 3391 1009 3402 -
1042 3359 1135 3442 qnod
1159 3380 1296 3423 summa
1316 3381 1410 3444 resp.

85 3466 157 3508 non
184 3444 386 3526 accepisset,
416 3441 459 3504 ab
489 3441 548 3503 illo
576 3440 652 3521 ipso
673 3440 812 3502 tribuno
833 3440 1002 3505 abiectum
1023 3455 1092 3515 est;
1127 3444 1252 3509 bonum
1273 3458 1408 3521 autem,

85 3528 202 3615 quood
222 3548 358 3591 summa
380 3548 471 3610 resp.
495 3524 661 3598 manebit,
685 3524 721 3587 in
744 3524 849 3587 vestri
870 3527 1004 3590 ordinis
1026 3540 1089 3591 cet.
1134 3530 1222 3593 Bne.

171 3613 212 3677 Ρ.
236 3614 289 3675 58.
314 3613 336 3674 Ι.
362 3611 414 3673 tl.
438 3611 526 3689 esse]
548 3621 598 3671 est
621 3610 730 3692 Lugd.
754 3611 808 3670 sed
831 3611 870 3670 55
894 3612 994 3674 aliens
1019 3633 1109 3674 manu
1133 3613 1282 3676 additum.

170 3698 209 3763 P.
235 3699 288 3760 59.
312 3698 335 3759 Ι.
359 3697 391 3759 5.
414 3698 459 3759 Et
483 3694 615 3757 videtur
638 3693 712 3773 cet]
737 3693 848 3756 Atisim
872 3698 1083 3770 contendere,
1109 3709 1140 3758 et
1162 3700 1213 3760 hic
1235 3697 1410 3762 Asconium

83 3783 311 3866 interpolatum
338 3802 425 3855 esse,
457 3792 488 3842 et
514 3800 595 3860 qtrse
625 3779 658 3839 5.
683 3778 706 3839 Ι.
730 3779 767 3838 15
792 3777 949 3843 Cicerone
980 3781 1144 3856 dicuntur,
1180 3780 1412 3864 :posterioris

84 3869 158 3931 sevi
185 3865 392 3951 gruumstico
422 3866 472 3927 vel
502 3865 633 3925 rhetore
663 3861 821 3943 adscripta
845 3884 928 3927 esse.
972 3865 1020 3928 Ita
1044 3866 1224 3930 destituitur
1246 3868 1351 3931 orntio
1372 3869 1412 3930 de

85 3950 304 4035 Herttspieum
335 3950 496 4031 responsis
527 3945 661 4011 Asconii
695 3947 902 4012 atteteritate:
940 3972 1006 4035 quo
1037 3951 1206 4036 cognitore
1230 3950 1265 4014 io
1295 3951 1412 4017 iudicio

85 4038 227 4113 νοθείας
248 4034 393 4116 inprimis
416 4033 542 4096 defensa
566 4043 627 4095 est.
673 4032 760 4094 Rnu.
817 4070 822 4075 -
1473 4098 1498 4125 n

175 4122 217 4186 P.
242 4121 295 4183 59.
321 4119 343 4182 Ι.
369 4120 421 4182 13.
486 4130 518 4180 et
540 4119 673 4201 collega
693 4117 782 4199 eius]
806 4117 999 4203 Intelligitur
1016 4118 1169 4199 seriptum
1186 4118 1301 4181 sitisse:
1335 4122 1413 4184 aP.

88 4205 267 4298 Africano
291 4205 334 4269 ΙΙ.
356 4225 426 4268 cos.
449 4215 482 4266 et
504 4204 636 4284 collega
657 4202 750 4272 eius:
777 4201 892 4265 iecisse
923 4224 1002 4267 vero
1026 4203 1105 4265 idern
1129 4202 1276 4265 Africani
1299 4224 1413 4267 nornen

88 4292 120 4355 in
145 4292 219 4355 Ι555
244 4289 401 4354 orationis
423 4290 461 4349 de
484 4289 567 4349 Har.
592 4308 697 4368 5555..
722 4298 754 4347 51
778 4287 961 4350 intermedia
985 4287 1181 4351 exciderent.
1227 4288 1315 4350 Rue.

174 4377 217 4440 P.
241 4376 294 4437 59.
319 4375 341 4436 Ι.
367 4378 418 4435 li.
443 4373 512 4451 ius]
535 4371 585 4433 vis
606 4373 716 4457 Lugd.
741 4392 805 4455 quo
826 4370 926 4455 inagis
942 4383 1090 4455 sppsret,
1115 4374 1178 4436 hoe
1196 4376 1328 4435 verbum
1344 4393 1413 4437 esse

86 4483 128 4523 ex
152 4459 321 4522 temeraria
343 4457 545 4538 repetitione.
591 4458 677 4522 Rue.

172 4546 214 4608 P.
241 4547 292 4606 70.
317 4544 340 4605 Ι.
366 4544 416 4605 10.
442 4541 651 4607 Cicerocum
675 4543 923 4621 reprehenderet
945 4540 1075 4605 Servilii
1104 4541 1332 4616 temeritatem,
1366 4542 1413 4607 vi·

87 4632 182 4692 detur
211 4651 270 4692 suo
298 4648 387 4690 :nore
415 4626 627 4710 quaesivisse:
665 4648 780 4705 „num,
812 4629 880 4705 lege
903 4626 1054 4701 recitata,
1086 4627 1190 4689 nullus
1211 4627 1344 4709 emplius
1366 4640 1414 4692 est

87 4714 308 4777 intercedendi
332 4712 441 4788 locus,
467 4723 632 4795 antequam
655 4712 682 4774 is
705 4710 760 4795 qui
781 4711 885 4791 legem
907 4710 972 4774 stet
995 4711 1146 4792 populum
1169 4713 1284 4777 iubeat
1304 4712 1414 4777 disee·

88 4798 226 4863 derei’'
249 4798 362 4884 quibus
385 4800 555 4882 respondet
577 4796 616 4861 iis
637 4818 717 4881 quse
739 4808 917 4881 sequuntur
931 4800 1015 4881 spud
1030 4797 1218 4877 Asconium,
1235 4818 1318 4885 quse
1337 4797 1413 4863 mihi
