3202 5318
626 344 693 411 nn
713 330 973 412 asconmn.
1362 348 1365 353 ·
1398 346 1459 411 sss

134 509 200 572 pro
221 488 335 564 iners,
359 497 394 548 ιιι
415 489 465 552 ed.
487 506 559 568 pr.,
583 486 638 548 sed
659 499 805 551 correcta
823 510 903 553 voce
921 490 955 552 int
974 486 1136 565 margine:
1161 487 1191 551 io
1210 497 1350 573 utroque
1364 487 1460 554 omit-

132 575 214 637 titur
240 594 299 635 ae:
334 591 436 654 porro
465 570 528 634 sed
553 582 626 633 ιιιιιο
650 592 783 654 poeseos
812 575 928 637 hebent
957 573 1091 655 (omisso
1110 574 1208 656 post)
1235 583 1267 635 et
1287 595 1365 638 earn
1387 585 1461 639 ιιιιο

134 678 228 722 esse:
248 677 330 740 qiree
353 668 426 718 snut
449 656 582 736 vestigia
604 656 709 719 loonio
734 657 808 719 olim
829 659 872 720 ita
894 659 1047 741 seriptum
1068 657 1185 720 fnisse:
1208 658 1350 723 Cassius
1369 658 1463 724 iners

133 755 167 806 et
187 742 336 808 stolidas
353 754 429 805 tum
451 742 565 825 magis
587 762 691 824 qaam
711 740 906 825 improbas,
931 743 993 807 sed
1009 754 1091 827 post
1111 761 1243 826 pancos
1274 763 1405 807 menses
1424 741 1462 806 in

132 854 164 892 e.
187 830 235 897 0..
250 849 330 892 earn
351 834 426 891 es'se
446 825 624 909 apparuit.
669 826 757 889 Rea.

219 932 261 996 Ρ.
284 930 338 995 88.
363 931 386 993 Ι.
411 931 443 993 3.
464 952 532 1015 pro
554 952 592 1029 re
614 922 792 1012 iacebant1'
803 953 913 1014 prope
935 929 1091 995 iacebant
1112 932 1195 998 Rae.

217 1037 261 1100 Ρ.
285 1035 338 1097 81.
361 1035 386 1097 1.
413 1034 464 1095 16.
486 1055 523 1097 se
551 1032 590 1096 id
614 1031 766 1115 eierare]
792 1054 827 1097 se
854 1034 932 1099 ideo
960 1035 1081 1099 iurare
1101 1036 1213 1120 Lugd.
1236 1068 1276 1084 ·-
1306 1056 1343 1102 re
1365 1035 1403 1100 id
1422 1057 1463 1100 eo

117 1120 254 1212 faeere
276 1121 362 1184 Rau.

220 1225 262 1289 Ρ.
287 1224 341 1289 85.
365 1224 387 1286 Ι.
412 1226 444 1285 1.
467 1222 556 1300 Nec]
580 1244 621 1286 ne
642 1223 753 1306 Lngd.

218 1329 260 1391 Ρ.
285 1328 339 1390 85.
363 1327 387 1388 l.
412 1329 444 1388 1.
468 1337 541 1388 tum
563 1347 628 1390 om.
651 1328 760 1409 Lngd.

220 1431 262 1494 P.
286 1430 340 1493 86.
363 1428 386 1493 l.
412 1429 463 1492 13.
485 1428 648 1511 protinas
683 1429 818 1491 videtur
855 1449 924 1491 non
945 1425 1086 1519 fnisse]
1117 1428 1258 1514 partius
1289 1432 1464 1497 videretur

125 1513 255 1607 finisse
276 1516 387 1599 Lngd.
435 1515 644 1579 Scribeodnm
666 1513 783 1598 igitur:
804 1514 949 1596 parcius
970 1514 1105 1577 videtur
1125 1512 1253 1599 fnisse.

224 1618 266 1682 Ρ.
289 1618 342 1680 87.
366 1618 389 1679 1.
413 1618 432 1679 5
454 1639 547 1702 seqq.
570 1620 756 1681 Praeterea
776 1629 886 1681 monet
907 1637 961 1678 me
982 1616 1063 1701 een]
1091 1618 1145 1682 Ex
1167 1618 1220 1683 ille
1242 1618 1388 1685 editionis
1409 1643 1463 1704 pr.

139 1703 289 1781 lectione,
320 1724 390 1765 enm
421 1724 483 1787 qna
513 1701 674 1767 consentit
695 1705 769 1766 cod.
793 1704 905 1786 Lngd.
929 1702 1020 1764 etiam
1046 1706 1075 1766 io
1100 1704 1219 1768 vitioso
1240 1718 1347 1783 esset,
1380 1718 1411 1769 et
1430 1706 1466 1771 in

135 1809 258 1851 earam
278 1809 340 1871 pro
361 1809 566 1860 causarum,
591 1789 713 1872 legem:
736 1822 779 1833 -
811 1787 920 1871 qnod,
951 1810 1028 1850 cnm
1054 1790 1124 1852 sint
1144 1791 1383 1854 commentarii
1409 1792 1466 1857 Gi·
1504 1840 1513 1861 .

135 1875 273 1938 aaronis
301 1895 507 1945 cansarum,
542 1872 617 1935 eins
640 1885 754 1934 tamen
781 1870 998 1961 defensionis
1024 1877 1157 1938 nnllam
1180 1877 1468 1940 commentarium

130 1971 195 2023 ent
206 1959 418 2042 principiam
439 1958 593 2021 inveniet
617 1956 673 2035 (ita
695 1957 840 2042 loquitar
863 1957 956 2019 etiem
978 1956 1011 2021 in
1033 1980 1106 2042 arg.
1123 1959 1235 2027 Pisoo.
1254 1980 1290 2042 p.
1315 1962 1362 2039 1.)
1383 1961 1466 2025 item

131 2044 229 2143 quod
249 2057 312 2108 eet.
356 2045 576 2117 Hotomanus,
606 2043 660 2124 qni
686 2053 761 2123 post
776 2042 999 2125 principiam
1024 2045 1186 2125 supplevit
1212 2048 1311 2109 verbe
1334 2049 1466 2109 nnllam

132 2129 324 2204 inanem,
347 2129 522 2211 posthaec
547 2128 643 2188 verbe
667 2127 780 2189 edidit:
816 2130 936 2213 ltaque
954 2140 1043 2210 puto
1065 2151 1133 2192 non
1158 2129 1373 2220 defendisse,
1405 2130 1468 2194 sed

133 2224 270 2277 tantam
292 2215 333 2277 de
356 2212 576 2304 dffendendo
598 2213 789 2295 cogitasse:
824 2211 917 2294 qnod
940 2235 1003 2294 per
1031 2215 1113 2276 haec
1142 2215 1221 2297 ipsa
1246 2215 1371 2299 negari
1396 2236 1466 2278 non

130 2309 259 2383 polest.
288 2300 397 2379 .Qnae
422 2300 520 2359 verbe
537 2319 600 2359 ιιοιι
616 2309 688 2359 snut
704 2296 802 2378 ipsius
826 2308 1052 2373 commentarii,
1078 2301 1166 2362 sede
1187 2299 1330 2383 margine
1345 2299 1466 2364 codicis

136 2383 308 2447 arcessite:
347 2384 497 2468 leguntur
529 2382 621 2444 etiem
652 2382 682 2444 in
712 2384 787 2444 cod.
819 2382 928 2465 Lngd.
962 2381 1122 2467 margine,
1157 2386 1214 2446 sed
1237 2384 1465 2448 emendatiora.

135 2469 220 2531 Nam
251 2492 322 2531 cnm
351 2490 467 2549 snpra,
509 2470 546 2529 sd
575 2468 673 2528 verbe
707 2468 890 2528 Fenestella
911 2463 1040 2543 tradit,
1076 2466 1297 2549 adscripsisset
1319 2472 1412 2533 docta
1435 2481 1467 2531 et

137 2553 266 2637 antiqua
290 2575 414 2616 manns:
450 2554 587 2624 Cicero,
612 2553 647 2613 in
670 2550 820 2636 qtmdam
841 2553 889 2612 ati
908 2552 1064 2615 Allicum
1083 2551 1248 2637 epistola,
1270 2555 1335 2632 (esi
1356 2553 1412 2617 lib.
1434 2554 1465 2618 Ι.

138 2638 185 2715 2.)
206 2639 327 2702 scribit
348 2639 389 2701 de
412 2639 580 2703 Catilinae
603 2634 826 2725 deffensione,
857 2657 961 2719 quam
976 2634 1111 2721 faeere
1135 2636 1327 2720 rogitabat:
1361 2639 1413 2700 nte
1434 2637 1466 2700 in

138 2723 285 2805 margine
306 2724 444 2786 addidit:
479 2727 599 2806 ltaque
617 2732 705 2803 pato
727 2741 795 2783 non
818 2718 1036 2811 defendisse,
1061 2721 1123 2785 sed
1141 2731 1257 2784 tamen
1279 2723 1321 2786 de
1343 2720 1466 2813 defen

138 2808 253 2872 dendo
273 2808 463 2891 cogitasse,
488 2808 580 2891 qaod
598 2827 663 2889 per
684 2805 863 2887 epistolam
886 2806 1009 2886 negari
1029 2827 1099 2870 non
1118 2819 1243 2889 potest.
1288 2808 1376 2871 Rae.

154 2990 157 2995 Ι
225 2913 268 2977 Ρ.
292 2912 346 2975 88.
371 2913 393 2973 l.
418 2913 450 2973 2.
473 2911 611 2996 quidem
634 2931 699 2970 οιιι.
724 2909 831 2992 Lngd.

223 3017 266 3080 Ρ.
290 3016 344 3078 88.
369 3016 389 3079 Ι.
418 3018 469 3076 11.
494 3014 634 3093 bestias]
657 3013 786 3074 aeetias
810 3015 918 3097 Lngd.

223 3120 265 3183 P.
290 3122 341 3183 90.
365 3119 387 3181 Ι.
412 3121 465 3180 20.
478 3117 579 3209 fait]
601 3128 670 3178 stat
694 3118 778 3179 llan.

222 3223 264 3287 Ρ.
290 3223 342 3285 93.
368 3223 390 3284 l.
417 3224 467 3285 10.
494 3219 675 3301 ,adscripsit
698 3219 833 3300 margini
855 3223 926 3284 cod.
946 3221 1058 3304 Lugd.
1081 3222 1209 3306 antiqno
1233 3245 1360 3287 maniis:
1392 3227 1468 3291 No·

136 3329 215 3371 men
244 3308 352 3408 naori
368 3305 453 3396 sitit
483 3305 627 3370 Aurelia
653 3306 819 3370 Orestilla
849 3309 901 3384 (ex
933 3305 1088 3382 Sallustio,
1113 3306 1210 3371 catil.
1236 3331 1307 3394 cap.
1331 3310 1398 3390 15.)
1427 3310 1469 3374 de

133 3414 240 3457 soora
264 3413 402 3477 ignoro.

226 3495 267 3559 P.
291 3497 344 3559 9-1.
368 3496 390 3557 1.
415 3495 446 3558 3.
472 3495 555 3558 Olim
577 3497 762 3579 legebatur:
792 3494 946 3577 perierat
968 3495 1003 3556 in
1025 3496 1214 3582 Hispania,
1239 3502 1366 3564 missus
1387 3512 1467 3575 cet.;

138 3602 223 3666 qeins
245 3591 281 3643 ιιι
301 3603 383 3644 ntiae
406 3581 554 3660 leguntur
577 3580 712 3643 restitnit
735 3579 895 3641 Baiterns.
941 3580 1079 3654 Melius,
1117 3595 1149 3644 ιιι
1173 3582 1305 3665 opinor,
1337 3608 1377 3647 ex
1400 3587 1468 3649 eius

137 3666 282 3743 ratione,
307 3664 405 3729 media
431 3665 591 3728 distinctio
613 3677 687 3745 post
706 3665 877 3746 perierat,
903 3664 1004 3726 maior
1026 3679 1101 3746 post
1122 3668 1343 3751 ablegaretur
1364 3691 1468 3752 pone·

140 3763 248 3826 estne,
285 3752 391 3813 deleto
418 3772 483 3833 que
510 3751 540 3812 in
570 3751 694 3835 ibique.
740 3750 777 3812 ln
801 3748 906 3810 inuitis
929 3749 1140 3823 coniecturis,
1174 3753 1289 3836 qnibns
1311 3758 1408 3818 verba
1431 3766 1471 3817 ιιι

139 3857 228 3900 oens
254 3858 339 3899 suns
367 3847 486 3897 tentata
515 3846 602 3910 sunt,
638 3835 737 3896 miror
759 3824 917 3896 irentinem
946 3833 1088 3897 voluisse
1118 3837 1246 3920 legere:
1284 3850 1322 3902 at
1350 3861 1373 3901 a
1393 3839 1468 3902 suis

136 3921 261 3985 sociis:
287 3920 506 3984 diciturenim
532 3942 625 4002 saepe
647 3918 763 3983 socias
783 3919 814 3980 in
839 3919 948 3981 malam
972 3931 1115 4001 partem,
1147 3935 1181 3983 nt
1203 3927 1287 4006 apud
1311 3922 1383 3988 Cic.
1405 3924 1469 3986 hoc

136 4005 213 4154 i⁶p2so
224 4006 310 4155 11330
333 4030 374 4155 pfi
392 4006 445 4069 93.
471 4006 493 4068 Ι.
519 4010 570 4068 17.
602 4005 701 4070 Catil.
727 4004 774 4067 Il.
800 4004 835 4074 2,
860 4006 891 4069 1.
914 4025 976 4086 pro
999 4005 1078 4068 Suu.
1102 4008 1139 4082 ό,
1165 4009 1216 4072 19.
1241 4010 1272 4073 io
1295 4009 1396 4072 Verr.
1419 4010 1466 4071 V.

188 4137 197 4168 ,
289 4138 297 4154 .
379 4112 432 4153 ιιι.

224 4197 266 4260 Ρ.
291 4196 345 4259 91.
371 4196 392 4258 Ι.
418 4198 469 4258 17.
495 4195 603 4275 Dicit]
633 4193 736 4257 Dixit
760 4196 875 4257 Ambe.

224 4301 266 4364 Ρ.
292 4301 344 4363 95.
369 4300 392 4361 l.
416 4300 449 4361 3.
475 4301 655 4362 Emendare
683 4299 787 4359 locum
812 4298 934 4360 difficile
957 4311 1018 4373 esu
1051 4300 1115 4361 hoe
1137 4310 1241 4361 tamen
1266 4299 1395 4363 omnino
1419 4300 1467 4364 vi·

136 4389 230 4449 detur
259 4383 408 4461 (Cicero)
435 4384 557 4446 dicere:
592 4383 763 4446 Liciniam
792 4384 1022 4463 gladiatorem
1053 4382 1084 4444 in
1108 4405 1142 4445 se
1164 4384 1357 4447 immissam
1379 4405 1466 4462 esse,

137 4483 167 4532 et
196 4471 362 4552 cupidum
391 4470 558 4536 Catilinae
592 4468 741 4530 iudicent
771 4471 813 4550 Q.
845 4467 989 4532 Cariam
1018 4469 1188 4529 hominem
1218 4470 1468 4552 qrtaestoriam.

136 4555 310 4638 Capidam
338 4566 384 4616 est
415 4554 553 4616 omniurn
589 4566 665 4615 vett.
689 4552 778 4615 editt.
800 4561 1023 4634 praeterquam
1048 4551 1200 4634 principis
1222 4554 1338 4630 lectio,
1375 4577 1468 4640 quam

138 4640 230 4703 libris
259 4640 361 4702 MSS.
389 4639 496 4703 deberi
527 4651 625 4722 puto,
661 4634 804 4722 qiiemvis
834 4647 943 4700 noster
970 4638 1111 4721 (Lngd.)
1141 4660 1212 4701 ιιιιιι
1235 4640 1287 4704 ed.
1311 4661 1367 4725 pr.
1389 4662 1468 4705 con·

139 4723 269 4787 sentiet.
314 4724 404 4788 Res.
