3202 5318
578 336 730 403 INDEX
750 340 933 407 Leonis.
1356 348 1418 413 225
1509 348 1513 359 '

91 474 250 560 ceptione·
263 494 347 541 nnus
375 475 512 542 afficitur
538 478 712 557 beneficio,
745 480 909 543 sedunus
937 479 1086 562 privator
1105 481 1243 550 iniuria?
1246 485 1325 553 'de
1344 488 1417 577 lege

90 571 276 656 tgr.1.d,
304 571 353 635 13.

174 666 260 729 Lata
286 668 368 732 ιθ.
397 667 508 750 Papio
533 667 663 730 tribuno
691 665 793 749 plebis
819 686 848 732 m
879 688 914 730 ιι.
945 667 1018 732 688.
1064 668 1161 735 Cotta
1192 682 1224 736 et
1245 675 1416 760 Torquato

89 755 187 824 Coss.
216 759 296 822 Vid.
320 759 387 824 Dio
410 758 504 825 Cass.
528 756 715 825 XXXVII.
736 778 772 840 p.
796 758 846 825 33.
874 760 920 840 [c.
944 763 976 826 9.
1021 759 1097 829 Κάν
1119 761 1225 831 τούτω
1246 763 1363 847 πάντες
1384 772 1417 836 ol

88 852 182 919 ἐν
141 876 181 973 τη
192 847 302 948 Ρώμη
324 855 548 943 διατρίβοντες
567 847 651 930 πλὴν
634 852 737 916 ντιῖνν
759 832 818 932 triu
837 854 895 919 νῦν
909 851 1111 921 'Italian
1074 834 1251 926 oiuouuriuu
1272 860 1418 941 ἐξέπεσον

88 924 219 1014 Γαιοιι
239 943 330 1025 τινὸς
350 948 494 1014 Hanni
499 967 544 1010 ov
565 939 736 1058 δημάρχου
758 942 883 1039 γνώμη·
917 943 1026 1027 ἐπειδὴ
1054 945 1253 1031 ἐπεπόλαζον
1280 959 1336 1020 καὶ
1357 950 1417 1021 οὐκ

87 1033 224 1107 ἐδόκουν
245 1035 472 1143 &triduoue
442 1037 559 1124 σφίσιν
580 1028 664 1104 εἶναι
667 1018 873 1147 ιννιικιῐν]
919 1041 1047 1116 Sanxit,
1079 1053 1116 1105 ut
1142 1045 1305 1129 peregrini
1333 1050 1416 1112 urbe

85 1133 286 1217 pellerentur
304 1140 338 1194 et
361 1129 442 1194 socii
460 1129 567 1193 Latini
589 1130 725 1199 nominis
747 1133 779 1195 in
801 1153 874 1196 suas
890 1132 1035 1200 civitates
1055 1136 1292 1220 redigerentur.
1334 1142 1417 1207 Per·

88 1227 191 1313 egrini
217 1243 253 1286 ea
281 1234 383 1287 estete
415 1225 470 1306 qui
495 1223 571 1288 dicti
599 1225 680 1305 sint,
711 1229 807 1291 docet
829 1229 1041 1310 spanhem.
1032 1251 1064 1293 m
1088 1230 1171 1296 ΟιΙι.
1193 1232 1291 1297 Rom.
1313 1254 1347 1315 p.
1369 1256 1413 1299 m.

87 1322 162 1386 363.
207 1317 254 1382 Hi
271 1317 376 1400 primo
396 1318 501 1402 capite
523 1317 606 1402 legis
624 1341 665 1383 cx
682 1322 763 1384 urbe
783 1322 871 1385 exire
888 1322 967 1386 iussi
981 1335 1070 1400 siunt,
1093 1345 1134 1387 ne
1151 1346 1187 1388 se
1204 1346 1268 1407 pro
1289 1323 1414 1392 civibus

87 1410 243 1479 Romanis
265 1424 432 1497 gererent,
464 1415 554 1497 quod
573 1434 592 1476 a
613 1414 716 1478 multis
739 1415 854 1489 fiebat,
885 1427 921 1480 nt
942 1417 1018 1481 olim
1044 1419 1267 1484 Gracchorum
1290 1429 1416 1504 tenpo—

81 1507 175 1571 ribus
194 1528 212 1569 a
231 1507 347 1572 Penno
363 1504 425 1569 iam
444 1506 597 1571 sancitum
617 1518 702 1584 crat,
726 1519 807 1573 teste
826 1509 986 1576 Cicerone
1001 1514 1040 1576 de
1056 1512 1149 1577 offic.
1170 1511 1237 1577 111.
1262 1513 1335 1589 11.,
1359 1515 1415 1598 mii

80 1603 166 1665 hane
183 1600 404 1665 crudelitatem
423 1602 517 1665 valde
531 1602 709 1687 improbat.
750 1604 899 1668 Alterum
921 1617 1016 1688 caput
1038 1604 1118 1681 linit,
1143 1626 1182 1669 nc
1202 1605 1284 1671 socii
1304 1608 1414 1672 Latini
1476 1622 1484 1632 “

83 1696 211 1761 Romae
233 1706 356 1771 essem,
380 1717 420 1759 ne
442 1697 537 1759 urbes
558 1696 721 1761 sociorum
745 1696 936 1762 Latinorum
957 1711 1065 1763 vastae
1085 1700 1227 1787 fierent,
1241 1703 1330 1784 quod
1350 1701 1411 1765 iam

83 1800 156 1853 ante
178 1810 209 1853 a.
232 1811 265 1854 n.
288 1790 364 1854 576.
387 1790 444 1853 lex
466 1790 615 1856 claudia
635 1790 812 1855 consularis
836 1802 955 1877 rogatu
981 1789 1126 1877 ipsorum
1153 1788 1316 1858 sociorulu
1338 1817 1410 1859 san·

82 1896 195 1961 xerat,
218 1904 300 1949 neve
322 1904 356 1947 se
375 1883 576 1967 proemium
597 1883 752 1948 Romanis
774 1900 939 1970 gererent3
964 1889 1009 1967 (ι.
1030 1886 1109 1951 Liv.
1132 1886 1229 1951 XLI.
1252 1889 1287 1968 8.¹
1308 1889 1357 1968 9.)
1378 1902 1411 1954 et

81 1979 195 2061 paullo
209 1991 285 2061 post
299 1983 342 2042 L.
360 1978 544 2043 Postumius
560 1977 702 2053 Consul,
726 1992 760 2042 ut
781 1991 983 2056 servaretur,
1010 1981 1172 2045 edixerat:
1195 1980 1273 2047 ibid.
1293 1983 1410 2050 XLII.
1467 1982 1471 2064 j

84 2077 138 2137 10.
183 2073 339 2138 Iahnius
366 2072 447 2157 legis
469 2084 615 2156 tempore
642 2074 787 2156 graviter
814 2086 901 2138 errat
930 2074 1101 2161 Sigonius,
1135 2073 1189 2160 qui
1220 2095 1288 2137 eam
1313 2076 1408 2140 latam

82 2188 154 2231 csse
181 2169 294 2247 pusillo
321 2180 395 2250 post
424 2165 591 2231 Claudiam
623 2169 684 2229 ait.
721 2170 760 2228 de
787 2168 817 2230 1.
847 2169 951 2233 Prov.
977 2168 1098 2233 111.1.
1125 2189 1259 2251 cumque
1282 2182 1409 2233 secutus

81 2261 229 2325 Balduiu.
254 2262 391 2344 lurispr.
413 2260 507 2324 Illuc.
532 2283 565 2342 p.
591 2264 664 2324 101.
694 2262 827 2346 aliique,
859 2283 930 2323 cum
960 2262 1033 2344 plus
1061 2273 1185 2325 centum
1211 2249 1410 2324 anuis'inter

79 2366 250 2440 utramque
263 2354 402 2419 intersit.
445 2354 560 2437 Itaque
576 2353 694 2419 Cicero
711 2357 750 2417 de
770 2354 866 2419 Offic.
890 2356 958 2421 111.
985 2359 1037 2419 11.
1060 2377 1078 2417 a
1101 2356 1234 2429 Penno,
1259 2354 1314 2437 qui
1335 2367 1411 2438 post

79 2449 186 2535 legem
204 2448 369 2515 Claudiam
398 2446 478 2512 vixit
500 2460 532 2511 ct
558 2451 663 2531 legem
683 2470 770 2512 suam
794 2470 823 2512 a.
847 2471 881 2513 u.
904 2446 980 2512 607.
1004 2446 1242 2533 promulgavit,
1265 2449 1412 2533 peregri-

79 2565 141 2609 nos
174 2543 406 2609 exterminatos
434 2543 509 2607 dicit
537 2544 632 2628 opud
648 2555 770 2627 patres
791 2556 947 2620 nostros,
980 2564 1005 2606 α
1025 2543 1134 2628 Papio
1155 2563 1278 2626 nuper.
1322 2544 1408 2607 Eun.

79 2637 250 2701 Manutius
272 2641 312 2702 ad
335 2649 418 2703 orat.
447 2658 510 2721 pro
533 2636 655 2702 Archia
677 2658 707 2699 c.
730 2639 764 2701 5.
787 2650 818 2700 et
840 2640 879 2700 ad
901 2638 1024 2722 Agrar.
1048 2637 1078 2700 Ι.
1102 2658 1132 2699 ι.
1157 2638 1188 2700 1.
1209 2636 1298 2700 duas
1320 2639 1408 2721 leges

79 2731 211 2816 Papias
239 2732 372 2797 diversis
402 2732 601 2816 temporibus
629 2731 709 2794 latas
733 2742 838 2813 putat,
872 2752 965 2793 tinam
989 2740 1061 2793 ante
1090 2750 1203 2793 annum
1226 2751 1259 2794 ιι.
1280 2750 1311 2792 c.
1335 2730 1409 2795 623.
1479 2774 1484 2787 .

81 2828 170 2908 quod
192 2847 235 2890 ex
255 2826 393 2892 Valerio
419 2826 568 2891 Maximo
591 2822 795 2907 perspicuum
818 2825 874 2901 sit,
905 2825 1036 2889 alteram
1060 2845 1089 2888 a.
1113 2846 1147 2887 u.
1170 2823 1245 2885 688.
1280 2822 1409 2887 Scilicet

80 2919 235 2984 Valerius
257 2921 321 2985 111.
343 2923 374 2987 1.
395 2922 449 2985 M.
473 2922 660 3001 Perpernae
682 2917 822 2982 consulis
844 2939 875 2982 a.
898 2941 932 2982 u.
957 2919 1030 2982 ⁶23.
1054 2929 1177 3001 patrem
1197 2927 1325 2981 mortuo
1339 2916 1407 2981 lilio

81 3016 154 3100 lege
177 3017 287 3100 Papio
310 3038 349 3080 ex
368 3018 447 3079 urbe
469 3014 600 3078 eiectum
622 3024 744 3076 narrat.
788 3015 870 3077 Veri
891 3015 1022 3078 similius
1045 3026 1147 3076 utitem
1168 3010 1311 3086 videtur,
1336 3031 1405 3073 eum

77 3120 210 3193 practer
238 3110 413 3173 Maximum
438 3127 531 3172 nenio
555 3120 618 3172 tam
643 3108 788 3191 antiquae
809 3108 890 3192 legis
913 3109 1043 3192 Papiae
1065 3106 1254 3170 mentionem
1277 3104 1404 3178 lecerit,

77 3203 131 3268 rel
154 3203 258 3287 ipsum
282 3203 332 3266 vel
352 3203 502 3266 librarios
524 3202 557 3264 in
580 3203 708 3266 nomine
728 3202 807 3287 legis
827 3224 963 3266 errasse.
1009 3204 1122 3284 Itaque
1145 3199 1280 3283 Pighius
1302 3200 1405 3277 (Αιιιι.

78 3299 176 3364 Rom.
187 3300 229 3363 Τ.
242 3299 308 3362 ΙΙΙ.
321 3320 356 3382 p.
372 3300 424 3362 18.
438 3309 468 3361 et
484 3299 524 3360 ad
537 3297 718 3376 Valerium)
728 3297 835 3362 Penni
846 3298 1014 3380 legendum
1027 3294 1196 3380 proposuit
1206 3313 1269 3378 pro
1281 3294 1403 3376 Papia.

417 3459 560 3522 Ριιιιιιιι
581 3457 623 3520 de
641 3459 902 3523 Acerranorum
922 3455 1068 3522 ciuitate.

166 3579 330 3663 „Romani
357 3579 434 3643 laeti
464 3578 623 3643 Acerrani
652 3580 725 3665 lege
754 3579 794 3640 ab
822 3583 864 3643 L.
895 3579 1037 3661 Papirio
1065 3589 1215 3661 praetore
1244 3577 1288 3656 (a.
1318 3597 1351 3639 ιι.
1373 3597 1403 3639 c.

76 3675 171 3752 tes.)
200 3674 278 3750 lata,
311 3695 372 3759 qua
401 3673 512 3738 civitas
541 3675 607 3737 sine
636 3672 793 3758 suffragio
822 3672 929 3735 data.''
965 3671 1043 3735 Liv.
1072 3672 1173 3736 vlu.
1207 3671 1257 3735 17.
1302 3668 1403 3733 Conl.

77 3767 201 3836 Vellei.
223 3770 251 3835 1.
274 3772 331 3848 11,
356 3771 387 3832 1.

418 3931 564 3995 Primi
585 3929 627 3993 de
648 3927 904 3994 consecratione
918 3925 1068 3990 aedium.

166 4037 299 4129 ,Video
321 4073 389 4119 csse
408 4052 513 4136 legem
536 4063 674 4115 veterem
698 4049 913 4125 tribuniciam,
938 4069 1020 4131 quae
1046 4056 1132 4110 vetet
1154 4043 1274 4108 iniussu
1301 4041 1404 4125 plebis

79 4150 196 4224 aedes,
229 4160 366 4222 terram,
401 4168 487 4211 aram
516 4166 719 4210 consecrare.
765 4147 877 4227 Neque
899 4156 964 4204 tum
987 4143 1114 4224 hocQ.
1138 4137 1316 4221 Papirius,
1350 4134 1404 4218 qui

78 4246 162 4308 laroc
183 4243 288 4326 legem
308 4240 458 4324 rogavit,
490 4240 601 4315 sensit,
636 4258 736 4324 neque
759 4238 934 4318 suspicatus
964 4247 1011 4297 est
1037 4236 1110 4298 lore
1136 4231 1330 4314 periculum,
1364 4249 1405 4292 ne

79 4337 243 4403 domicilia
268 4347 322 4398 aut
344 4335 563 4417 possessiones
585 4333 835 4396 indemnatorum
861 4330 976 4392 civium
1006 4322 1306 4391 consecrarentur.”
1342 4341 1403 4404 pro

79 4435 178 4497 dono
202 4431 258 4510 l9,
283 4430 420 4493 ttu-
444 4429 544 4505 ,Lex
564 4427 709 4510 Papiria
730 4437 815 4488 vetat
829 4422 945 4487 aedes
934 4422 1054 4485 iniussu
1068 4421 1169 4504 plebis
1187 4415 1406 4482 consecrari.'

80 4524 350 4601 lniu.50,128.

164 4622 239 4684 Lex
269 4631 318 4681 est
345 4619 484 4682 incertae
513 4615 635 4682 aetatis.
689 4616 770 4679 Eam
797 4623 904 4675 tamen
930 4610 983 4675 rel
1014 4629 1096 4672 anno
1125 4631 1159 4671 ιι.
1189 4629 1219 4670 c.
1249 4605 1323 4669 110.
1351 4600 1406 4665 vel

78 4713 190 4799 paullo
214 4723 285 4777 ante
308 4713 401 4775 latam
424 4732 510 4787 esse,
544 4732 615 4774 cum
638 4730 678 4772 ex
702 4706 870 4772 Ciceronis
899 4702 1022 4780 verbis,
1055 4715 1119 4766 tum
1141 4723 1183 4765 ex
1208 4698 1307 4763 Livio
1331 4697 1404 4783 [Ex

78 4808 288 4873 amaritate
308 4819 451 4873 reamur
471 4809 581 4871 latram
600 4803 647 4868 od
663 4803 832 4887 populum
850 4811 920 4879 est,
943 4820 986 4863 ne
999 4797 1076 4884 quis
1090 4798 1254 4882 templum
1266 4809 1405 4857 mamre

149 4908 279 4958 ormi.
315 4908 368 4953 ιι.
389 4907 434 4957 ιιι
