3202 5318
241 310 281 376 78
825 311 976 379 INDEX

239 452 328 536 quod
353 449 508 536 Longino
534 463 664 538 τρέφειν
693 449 826 528 dicitur,
861 474 932 515 cum
960 450 1124 516 dilatamus
1146 472 1213 516 rem
1236 463 1267 515 et
1295 471 1452 536 augemus
1475 452 1559 517 omni

135 613 136 617 ,
238 544 382 620 ratione,
410 556 445 608 ut
466 543 592 609 auditor
613 545 677 609 vim
699 545 749 609 rei
776 559 829 609 aut
851 546 1028 632 argumenti
1052 546 1174 630 capiat,
1202 546 1233 609 in
1256 567 1321 630 qno
1342 550 1395 610 vel
1423 546 1556 611 maxime

238 659 359 705 summa
382 637 564 722 eloquentia
588 641 742 704 cernitur.
787 641 877 704 Haec
893 642 1095 721 κατασκευή,
1119 641 1179 704 etsi
1203 639 1380 705 communis
1402 646 1452 705 eit
1477 641 1560 706 omni

239 733 393 798 orationis
416 733 544 818 generi,
565 745 668 798 tamen
690 732 722 797 in
744 735 852 817 primis
872 735 902 798 iu
922 756 962 800 eo
983 756 1100 820 genere
1119 747 1251 820 regnat,
1280 738 1371 820 quod
1390 740 1560 803 ἐπιδεικτι-

236 829 297 895 ets
319 827 451 903 dieitur,
483 848 555 892 cnm
581 827 743 912 ingenium
773 829 1050 914 eloquentiamque
1079 831 1220 912 probare
1241 830 1405 895 volumus.
1450 831 1505 895 Ex
1526 852 1560 912 ee

237 924 367 987 ubertas
390 922 528 1006 ingenii,
558 943 599 986 ex
626 943 661 985 ea
686 923 779 1006 copia
803 924 914 1008 visque
942 923 1073 988 dicentis
1094 923 1265 988 indicatur.
1309 924 1427 1007 ltaque
1449 924 1484 987 in
1500 925 1561 988 hoc

238 1037 359 1102 genere
391 1017 547 1082 orationis
576 1017 668 1081 etiam
700 1021 827 1082 modum
861 1017 954 1083 huius
986 1023 1187 1098 κατασκευῆς
1220 1019 1275 1082 vix
1306 1029 1419 1083 tenent
1451 1017 1560 1081 summi

238 1102 401 1178 oratores.
454 1113 529 1175 Huc
556 1110 643 1175 refer
670 1112 767 1177 illam
799 1112 1083 1190 redundantiam,
1114 1134 1210 1197 quarn
1237 1112 1269 1176 in
1293 1110 1465 1178 Ciceronis
1488 1133 1557 1177 ora-

235 1207 325 1272 tione
354 1205 625 1270 animadvertebat
654 1205 850 1289 Apollonius
878 1207 994 1281 Molo,
1025 1219 1057 1271 et
1079 1227 1160 1292 quae
1180 1205 1211 1268 in
1235 1205 1403 1271 Rosciana
1425 1205 1558 1273 adhibita

235 1300 357 1366 seniori
380 1299 531 1366 Ciceroni
557 1300 761 1383 displicebat,
788 1312 822 1364 ut
849 1313 897 1365 est
917 1300 947 1364 in
970 1303 1087 1366 Bruto.
1126 1300 1228 1365 Vides
1248 1299 1351 1385 igitur
1375 1299 1485 1366 onnia
1504 1300 1557 1366 ista

238 1396 370 1461 ornandi
400 1416 534 1480 genera,
563 1395 680 1478 quibus
711 1395 743 1458 in
769 1396 927 1460 laudando
956 1395 1114 1477 Pompeio
1143 1416 1234 1459 ursum
1265 1415 1303 1458 se
1322 1393 1402 1460 dicit
1423 1395 1555 1472 Cicero,

236 1511 307 1555 esse
335 1493 538 1572 ἐπιδεικτικῷ
569 1489 679 1575 generi
707 1489 855 1573 propria.
907 1491 989 1552 Nam
1023 1492 1060 1556 τὸ
1087 1491 1275 1578 περιοδικὸν
1297 1489 1393 1553 etiarn
1422 1492 1556 1575 nuspiam
1591 1545 1594 1549 .

240 1584 402 1667 copiosius
432 1582 579 1648 adhiberi
606 1584 690 1647 solet
718 1595 749 1648 et
776 1596 885 1667 potest
914 1606 1007 1668 quam
1037 1586 1067 1649 in
1087 1587 1147 1648 hac
1172 1583 1297 1648 dicendi
1314 1585 1457 1653 ratione·
1480 1586 1556 1650 Res.

238 1677 295 1744 CI.
322 1678 374 1743 lo.
405 1677 488 1744 Chr.
519 1679 671 1760 Theoph.
701 1678 830 1743 Ernesti
858 1678 953 1742 lexic.
978 1680 1202 1764 technologiae
1225 1679 1430 1743 Graecorum
1456 1680 1557 1743 rheto-

236 1773 340 1853 ricae,
365 1794 398 1836 ν.
421 1772 562 1857 Kapan,
581 1772 777 1857 'Evhdpnpn
793 1785 825 1837 ct
845 1774 1054 1855 Κατασκευή.
1100 1777 1268 1839 Sanusne.
1291 1762 1301 1779 '

281 1914 284 1921 -
319 1871 501 1956 Περίοδος,
530 1869 788 1950 comprehensio
807 1879 841 1932 et
858 1869 1007 1932 ambitae
1032 1869 1233 1944 uerborum,
1271 1867 1464 1944 circuiere,
1486 1889 1557 1933 con·

236 1963 403 2038 tinuatio,
432 1961 708 2045 circumscriptio
729 1963 914 2027 orationis.
967 2015 983 2044 „
997 1963 1183 2044 Quaesitum
1215 1975 1282 2039 est,
1311 1962 1343 2025 in
1366 1973 1482 2029 totone
1502 1962 1556 2025 eir·

236 2057 324 2121 cuitu
341 2056 397 2123 illo
422 2056 593 2131 orationis,
619 2076 712 2139 quens
735 2057 854 2121 Graeci
869 2063 1037 2144 aspicias,
1063 2078 1123 2122 nos
1139 2071 1204 2121 tum
1220 2055 1391 2134 ambitum,
1415 2069 1481 2121 tum
1502 2056 1557 2120 cir·

236 2152 372 2229 cultum,
397 2164 463 2215 tum
481 2151 798 2233 comprehensionem
812 2163 865 2214 aut
877 2152 1151 2216 continuationem
1167 2163 1220 2216 ant
1236 2149 1555 2235 circumscriptionem

236 2246 386 2312 dicimus:
410 2268 448 2310 an
473 2246 504 2309 in
526 2245 693 2328 principiis
716 2246 838 2322 solum,
871 2247 962 2311 auin
994 2246 1162 2323 extremis,
1195 2268 1233 2309 an
1260 2247 1450 2330 inutraque
1473 2255 1556 2327 parts

228 2363 385 2407 numerus
411 2344 563 2406 tenendus
594 2340 676 2405 sit.”
728 2342 939 2415 oratorii,
970 2343 1111 2405 2011-
1161 2341 1275 2424 „Quin
1298 2342 1394 2405 etiam
1416 2358 1557 2422 compre·

235 2439 346 2502 hensio
368 2447 401 2499 et
420 2434 556 2499 ambitus
578 2435 630 2499 ille
651 2438 823 2501 verborum
846 2435 892 2511 (si
917 2437 965 2500 sio
986 2436 1150 2520 periodum
1174 2435 1330 2520 appellari
1351 2435 1477 2518 placet)
1496 2443 1556 2498 erat

235 2534 322 2617 apud
340 2531 428 2595 illurn
452 2532 515 2610 (L.
537 2528 710 2610 Crassum)
733 2542 916 2594 contractus
939 2542 971 2595 et
993 2530 1144 2594 breuis.''
1188 2532 1283 2595 Brut.
1307 2530 1369 2604 14,
1394 2526 1470 2592 162.

321 2630 411 2713 Περὶ
441 2628 617 2708 ὁμονοίας,
653 2624 694 2687 dc
727 2625 925 2693 concordia.
982 2624 1143 2704 „Memini
1176 2625 1292 2688 librum
1317 2623 1384 2693 tihi
1404 2622 1555 2689 efferris

235 2720 403 2787 Demetrio
430 2720 586 2802 Magnete
606 2720 646 2781 ad
668 2731 699 2781 te
723 2718 850 2782 missum
874 2730 947 2804 περὶ
962 2721 1130 2802 ὁμονοίας.
1141 2719 1157 2742 ”
1191 2698 1506 2795 auAsr.V111.11,
1527 2721 1554 2780 l.

320 2816 507 2900 Περιοχαί,
533 2811 716 2875 uerborum
746 2815 1022 2897 complexiones,
1048 2814 1197 2898 periodi.
1248 2814 1322 2895 „At
1350 2835 1414 2900 ego
1441 2835 1482 2881 ne
1506 2814 1556 2879 ti·

235 2909 309 2973 roni
328 2909 453 2993 quidem
478 2904 612 2982 dictavi,
637 2906 691 2990 qui
712 2917 795 2970 totas
818 2908 979 2994 περιοχὰς
1006 2907 1159 2994 persequi
1179 2909 1279 2987 solet,
1310 2911 1369 2974 sed
1391 2908 1556 2992 Spintharo

236 3001 457 3083 syllabatim.''
500 3003 540 3063 ad
564 3002 634 3065 Art.
661 3000 763 3065 XIII.
791 3001 850 3076 25,
875 3002 907 3064 3.

321 3095 574 3184 Περιπατητικοί
580 3146 588 3172 ,
615 3094 844 3178 Peripatetico
851 3139 861 3171 ,
886 3109 1007 3179 partes
1026 3098 1348 3182 Peripateticorum.
1392 3097 1473 3181 „lta
1486 3118 1556 3162 oon·

235 3191 299 3257 leci
321 3190 463 3276 quinque
490 3190 591 3254 libros
617 3201 691 3275 περὶ
718 3193 832 3266 τελῶν,
858 3201 894 3251 ut
910 3192 1072 3273 Epicurea
1094 3195 1138 3256 L.
1163 3196 1357 3276 Torquate,
1380 3193 1492 3259 Stoice
1507 3192 1554 3259 Id.

236 3283 375 3358 Catoni,
401 3284 636 3371 περιπατητικά
659 3285 712 3347 Μ.
736 3283 849 3348 Pisoni
871 3285 1021 3350 daretu.”
1064 3288 1105 3350 ad
1126 3288 1200 3351 Au.
1223 3286 1324 3351 XIII.
1348 3286 1409 3362 ¹9,
1435 3288 1469 3352 I.

220 3457 226 3464 ‚
320 3383 512 3464 Περίπατος
533 3380 729 3464 σύμμετρος,
760 3380 949 3444 ambulatio
971 3380 1165 3445 moderata.
1207 3381 1370 3466 ,Indulge
1392 3377 1557 3447 valentini

235 3466 326 3551 israe,
351 3474 404 3538 cui
425 3475 550 3559 quidetp
574 3485 610 3538 tu
632 3475 754 3547 adhuc,
779 3475 851 3536 dum
875 3473 951 3537 mihi
972 3473 1133 3552 deservis,
1162 3474 1291 3539 servisti
1313 3496 1378 3540 non
1401 3475 1502 3541 setis:
1522 3493 1557 3538 ea

203 3569 312 3654 .quid
340 3569 497 3651 postulet,
534 3590 598 3633 nou
630 3569 780 3653 ignoras:
816 3576 932 3649 πέψιν,
965 3563 1128 3647 ἀκοντίαι,
1157 3582 1336 3658 περίπατον
1362 3569 1555 3658 σόμιιιοτρον,

234 3669 367 3752 τέρψιν,
390 3664 543 3729 εὐλυσίαν
562 3661 716 3739 κοιλίας”
767 3663 807 3726 etl
826 3664 919 3727 Fam.
942 3665 1043 3729 XVI.
1065 3664 1123 3739 18,
1149 3667 1180 3727 1.

319 3763 542 3847 Heptanesia,
572 3769 687 3822 status
714 3768 748 3821 et
773 3758 940 3822 condicio.
977 3761 1058 3840 „De
1087 3757 1264 3836 Domitio,
1304 3759 1394 3846 ου’κῳ
1425 3760 1477 3845 μὰ
1506 3758 1558 3837 τὴν

235 3855 412 3942 Δήμητρα,
443 3858 544 3919 σῦκον
568 3855 645 3919 οὐδὲ
666 3855 703 3920 ἓν
727 3851 826 3928 οὕτως
848 3852 966 3937 ὅμοιον
989 3866 1135 3939 γέγονεν,
1162 3876 1266 3940 quam
1286 3866 1339 3918 est
1360 3853 1433 3918 iata
1457 3863 1560 3940 nept-

235 3977 384 4026 στασις
410 3960 564 4013 nostrae.
576 3947 595 3976 ''
640 3951 679 4010 ad
703 3950 774 4013 Ars.
798 3949 959 4025 1V.·8t›,
992 3948 1024 4011 2.

319 4048 408 4130 Περὶ
437 4047 550 4119 τελῶν,
585 4043 626 4105 de
646 4042 799 4121 finibus.
856 4042 934 4128 „Ita
964 4043 1089 4110 conieci
1117 4042 1257 4130 quinque
1285 4043 1389 4113 libros
1418 4056 1492 4133 περὶ
1516 4071 1560 4113 rr·

236 4139 337 4207 tam
382 4142 421 4203 ad
442 4143 514 4205 Att.
541 4137 645 4203 XIII.
668 4138 726 4215 19,
750 4139 784 4203 t.

319 4239 408 4320 Περὶ
433 4238 532 4302 τελῶν
559 4234 726 4312 σύνταξις,
756 4234 952 4313 desenibus
972 4256 1075 4318 opus.
1123 4235 1241 4314 „Illam
1268 4249 1344 4320 περὶ
1369 4242 1470 4304 saleis
1488 4235 1560 4303 orie·

233 4333 327 4409 ταξιν
352 4351 427 4393 saue
455 4330 530 4392 mihi
553 4331 721 4411 probatam
744 4329 866 4406 Bruto,
896 4341 931 4392 ut
956 4329 1014 4393 tibi
1036 4328 1175 4412 placuit,
1205 4331 1475 4414 despondimns.”
1524 4331 1560 4395 ad

236 4426 309 4488 Au.
333 4425 435 4491 ΧΙΙΙ.
459 4424 569 4502 111.

319 4522 407 4607 Περὶ
433 4525 491 4585 τοῦ
518 4520 603 4586 κατὰ
633 4531 826 4607 περίστασιν
852 4518 1068 4599 καθήκοντος,
1098 4520 1139 4582 de
1164 4517 1296 4611 officio
1321 4522 1369 4584 ad
1397 4516 1561 4603 temporit

235 4609 407 4675 rationem
432 4616 712 4694 accommodato,
744 4635 773 4679 s.
797 4617 885 4698 quod
905 4614 1061 4697 temporis
1081 4614 1212 4680 alicuius
1236 4614 1322 4680 ratio
1344 4614 1502 4699 postulat.
1522 4612 1560 4677 nel

236 4706 309 4771 Au.
333 4706 431 4772 xvt.
456 4710 516 4789 11,
539 4712 573 4773 t.
