3202 5318
626 330 777 396 INDEX
798 330 979 397 Ludunt.
1401 331 1460 397 lbt

132 474 374 541 tantummodo.
420 470 546 537 Etenim
576 474 755 556 negandum
784 493 849 534 non
878 484 945 547 est,
980 483 1052 535 ante
1080 470 1199 534 Sullam
1229 472 1337 554 plures
1367 496 1462 558 quam

133 580 206 635 tm
224 566 315 633 reiici
337 567 454 632 solitos
476 565 572 631 lenisse
594 569 634 628 ab
656 568 800 630 omnibus
826 566 989 630 ordinibus
1012 566 1213 648 promiscue:
1243 590 1312 631 cum
1339 590 1378 634 eo
1405 592 1464 637 no-

134 664 223 729 nine
240 684 299 745 per
322 664 457 724 verbum
479 659 633 724 ironicum
646 663 848 743 praeclarae
872 659 1043 724 Corneliae
1058 660 1145 744 leges
1161 673 1354 745 arguantur,
1378 666 1465 746 qtrqd

135 758 243 823 solum
261 768 328 819 tres
348 755 440 819 reiici
459 754 620 818 iusserint.
667 756 749 818 Num
765 765 868 817 autem
886 755 918 817 id
935 755 1021 818 Sulla
1042 755 1283 838 praescripserit
1304 757 1465 840 equitibus

139 850 312 935 plebique,
348 860 384 912 ut
410 861 493 925 erat,
525 848 641 925 iratus,
674 869 711 910 an
745 847 818 932 quia
845 858 973 931 putaret
994 860 1176 925 senatores,
1208 849 1322 935 quibus
1351 851 1465 916 iudicia

134 946 328 1021 nodabat,
363 944 488 1026 saepius
518 965 588 1007 cum
621 941 824 1007 senatoribus
853 941 1028 1005 inimicitias
1053 942 1235 1020 babituros,
1271 967 1364 1028 quam
1394 967 1464 1009 cerm

135 1039 325 1103 bominibus
351 1038 484 1101 aliorum
515 1038 678 1111 ordinum,
710 1048 745 1099 ut
777 1036 932 1100 incertum
969 1035 1095 1100 omitto.
1138 1037 1222 1100 Illud
1249 1039 1375 1124 quidem
1402 1063 1466 1125 pro
1496 1084 1501 1093 x

136 1145 233 1199 certo
254 1132 497 1207 affirmaverim,
528 1153 593 1195 uon
615 1131 648 1193 id
672 1129 788 1194 iecisse
809 1130 945 1206 Sullam,
978 1141 1011 1192 ut
1039 1141 1220 1194 senatorum
1243 1132 1469 1201 existimationi

138 1225 338 1292 mosuleret.
382 1227 521 1290 Annon
548 1224 628 1287 enim
659 1226 697 1287 de
727 1235 906 1287 senatorum
935 1245 1062 1308 quoque
1089 1223 1193 1287 causis
1223 1225 1305 1290 idern
1331 1228 1466 1306 tulisset,

138 1342 214 1385 eum
239 1319 472 1400 multoplures
495 1330 660 1383 senatores
685 1318 733 1381 rei
757 1329 879 1390 essent,
909 1339 1002 1400 qttam
1028 1317 1082 1380 vel
1105 1320 1229 1404 equites
1255 1321 1309 1385 vel
1337 1323 1466 1405 plebeii,

139 1413 197 1499 qui
228 1433 293 1477 non
321 1412 365 1476 ita
388 1412 493 1475 multis
515 1412 640 1496 legibus
663 1410 874 1475 tenebantur?
906 1410 1029 1475 Deinde
1058 1423 1165 1476 vetere
1187 1414 1261 1498 lege
1291 1413 1468 1481 institutum

143 1519 210 1585 est,
231 1519 267 1571 ot
288 1506 322 1571 in
342 1505 465 1570 iudiciis
489 1527 559 1569 cum
584 1527 657 1569 reus
676 1517 740 1568 tum
767 1516 951 1581 accusator,
975 1506 1032 1587 qui
1054 1506 1114 1570 sibi
1134 1507 1332 1585 viderentur,
1356 1510 1470 1574 reiice-

140 1613 233 1674 rent‚
255 1621 320 1665 non
337 1622 377 1665 eo
393 1599 548 1676 consilio,
573 1621 611 1663 ne
628 1599 768 1682 improbi
784 1600 925 1663 bomines
943 1600 1136 1676 iudicarent3
1159 1604 1214 1665 sed
1232 1623 1270 1665 ne
1285 1605 1468 1669 alterutrius
1582 1674 1585 1679 ,

142 1695 243 1779 partis
265 1694 400 1758 inimici:
437 1693 610 1775 reiectique
635 1693 718 1756 illius
744 1692 862 1756 inimici
889 1695 1083 1775 putabantur
1108 1716 1196 1772 esse,
1230 1695 1285 1779 qui
1308 1718 1365 1762 eos
1386 1701 1471 1763 reie-

142 1790 255 1866 cisset,
280 1810 384 1873 neque
407 1787 619 1869 improbitatis
643 1800 747 1852 notant
770 1786 892 1851 idcirco
914 1789 1074 1852 subibant.
1120 1790 1211 1853 Haec
1230 1793 1384 1854 adversus
1399 1793 1472 1856 Ma-

143 1885 277 1948 nutium.
320 1885 384 1947 Sed
407 1896 573 1964 praeterea
601 1881 763 1945 Antonius
789 1883 987 1963 Augustinus
1014 1885 1292 1965 reprehendendus
1319 1896 1383 1960 est,
1416 1884 1471 1970 qui

142 1977 214 2063 lege
235 1977 399 2045 Cornelio
420 1976 705 2059 repetundorum,
731 1997 794 2039 uon
820 1976 973 2039 similiter·
987 1976 1120 2052 ceteris,
1144 1978 1348 2042 reiectionem
1375 1978 1470 2042 trium

144 2070 282 2135 iudicum
309 2069 538 2152 praescriptam
569 2070 676 2133 docet.
727 2072 807 2132 llam
834 2069 860 2132 si
890 2071 941 2131 lex
967 2073 1211 2151 repetundarum
1240 2074 1279 2135 ad
1307 2084 1471 2136 senatores

143 2176 265 2229 tantun
286 2166 482 2247 pertinebat,
506 2175 538 2226 et
561 2163 721 2244 aliquanto
744 2164 850 2246 plures
873 2163 1036 2227 reiiciendi
1052 2164 1099 2227 ius
1115 2177 1279 2228 senatores
1298 2167 1468 2243 habebant,

145 2273 178 2324 at
197 2260 319 2324 dictum
338 2269 405 2335 est,
429 2269 553 2322 constat
574 2257 642 2320 aliis
663 2259 789 2339 quidem
813 2257 939 2340 legibus
962 2258 1070 2320 tulisse
1097 2260 1214 2323 Sullam
1237 2262 1275 2322 de
1299 2260 1471 2340 reiectione

145 2356 241 2419 trium
267 2354 424 2426 iudicum,
448 2375 511 2418 non
528 2353 635 2415 itidem
655 2353 706 2414 illa
725 2354 984 2434 repetundarum.
1030 2353 1126 2432 Quod
1141 2365 1242 2416 autem
1264 2374 1303 2416 ex
1325 2353 1470 2418 Asconio

148 2449 249 2515 relect
281 2450 517 2523 Hottomanus,
553 2450 623 2532 lege
649 2445 793 2510 Aurelia
822 2445 933 2509 deiude
969 2459 1094 2509 cautrun
1131 2448 1229 2512 luisse
1257 2459 1353 2530 puto,
1389 2468 1470 2530 quae

146 2544 247 2606 tribus
267 2542 435 2607 ordinibus
451 2542 564 2605 iudicia
580 2539 836 2604 communicarit.
861 2541 1006 2604 Feunau
1050 2541 1195 2605 Offendit
1210 2563 1284 2604 sane
1304 2542 1348 2618 (in
1364 2541 1471 2606 verbis
1556 2534 1561 2543 ¹

147 2634 333 2718 Ciceronis)
353 2637 385 2701 ai
407 2637 466 2722 qui
487 2658 549 2719 pro
571 2635 648 2721 qui,
673 2634 727 2696 ttbi
750 2654 788 2696 ne
812 2634 937 2696 minima
962 2633 1088 2716 quidem
1109 2634 1281 2710 dubitatio,
1305 2656 1377 2697 num
1395 2635 1470 2710 sint,

147 2732 275 2795 ridetur
297 2730 447 2795 constitui
468 2751 575 2812 posse.
619 2731 740 2792 Verum
763 2728 789 2790 si
814 2729 909 2792 lectio
932 2742 1017 2790 certa
1042 2740 1108 2803 est,
1133 2741 1167 2791 ut
1192 2742 1258 2806 est,
1283 2729 1355 2792 binc
1377 2728 1471 2793 etiam

147 2828 225 2890 ant.
250 2824 424 2910 Augustini
446 2824 646 2897 coniectura,
671 2843 764 2905 quam
790 2821 956 2885 Ferratius
978 2821 1103 2902 quidem
1124 2822 1331 2904 contempsit,
1357 2821 1473 2886 verisi-

147 2918 228 2984 milis
243 2918 304 2994 ru,
329 2918 490 3000 pertinere
512 2916 606 2980 illam·
622 2915 717 2978 trium
736 2914 873 2978 iudicum
897 2915 1122 2991 reiectionem,
1147 2915 1217 3000 lege
1238 2917 1399 2981 Cornelia
1423 2918 1472 2979 iu·

146 3014 306 3086 attentam,
330 3015 370 3074 ad
396 3012 497 3095 legem
521 3011 562 3087 de
580 3010 732 3093 pecuniis
755 3010 971 3094 repetundis,
996 3031 1058 3094 qua
1074 3030 1147 3073 raro
1163 3010 1305 3072 homines
1321 3012 1359 3074 de
1378 3012 1472 3093 plebe

147 3108 193 3170 rei
215 3108 344 3171 fierent.
389 3107 521 3171 Zuuer.

320 3263 495 3331 Contracta
517 3266 559 3328 de
581 3264 789 3349 repetundis.

235 3388 322 3462 „Est
353 3387 434 3450 enim
469 3391 548 3451 haec
578 3408 685 3461 causa,
720 3408 797 3472 quo
827 3408 867 3450 ea
899 3386 1063 3469 pecunia
1094 3388 1345 3470 pervenerit,
1381 3388 1471 3474 quasi

149 3486 303 3567 quaedam
320 3482 525 3564 appendicula
543 3503 654 3543 causae
674 3482 826 3544 iudicatae
843 3492 937 3565 atque
954 3483 1129 3545 damnatae.
1152 3514 1192 3526 -
1216 3484 1308 3546 lubet
1323 3484 1374 3546 lex
1393 3484 1470 3546 lulia

148 3578 299 3661 persequi
324 3579 363 3638 ab
389 3575 445 3649 iis,
476 3578 514 3638 ad
540 3596 623 3659 quos
649 3597 685 3638 ea
710 3574 861 3656 pecunia,
894 3597 986 3657 quam
1014 3577 1039 3638 is
1066 3577 1200 3657 ceperit,
1231 3576 1284 3661 qui
1310 3580 1469 3639 damnatus

148 3670 207 3746 sit,
231 3668 430 3753 pervenerit.
476 3671 509 3731 Si
529 3680 575 3732 est
600 3671 662 3732 boc
688 3690 804 3731 novum
826 3667 856 3730 in
876 3668 947 3750 lege
971 3655 1069 3743 Iulia,
1093 3669 1357 3733 inducatur.sane
1377 3670 1469 3731 etiarn

148 3766 348 3827 consuetudo
380 3763 473 3826 buius
505 3762 631 3847 generis
660 3761 847 3825 iudiciorum
878 3783 973 3825 nota.
1028 3763 1082 3824 Sin
1111 3766 1173 3824 boc
1201 3764 1330 3827 totidem
1363 3764 1470 3825 verbis

149 3859 335 3921 translatum
359 3867 452 3938 captet
475 3869 538 3933 est,
563 3868 640 3940 quot
663 3856 722 3918 tuit
745 3876 809 3919 non
836 3858 930 3920 modo
951 3856 982 3918 in
1011 3853 1183 3931 Cornelia,
1208 3860 1263 3920 sed
1286 3857 1378 3920 etiam
1396 3864 1469 3919 ante

150 3951 183 4015 in
205 3952 279 4036 lege
303 3951 459 4014 Seruilia:
482 3953 635 4033 perdens
657 3949 869 4022 immortales,
894 3949 968 4033 quid
985 3950 1121 4029 agimus,
1146 3949 1285 4013 iudices?
1307 3961 1361 4012 aut
1377 3970 1468 4033 quem

152 4045 237 4109 bunc
265 4066 385 4109 morem
416 4065 575 4108 novorum
602 4042 788 4107 iudiciorum
816 4043 848 4105 in
877 4065 940 4106 reru
964 4046 1119 4125 publicam
1143 4043 1363 4107 iuduciruus'?”
1407 4062 1468 4126 pro

152 4139 269 4204 Rabir.
293 4140 383 4204 Post.
405 4140 437 4216 t,
460 4140 493 4204 9.

238 4238 355 4299 Secuta
371 4247 419 4298 est
434 4235 630 4307 Seruiliam,
654 4253 695 4294 ex
713 4253 773 4315 qua
791 4253 861 4293 cum
881 4231 958 4307 alia,
983 4242 1047 4294 trun
1071 4234 1132 4295 boc
1152 4232 1184 4294 in
1204 4251 1289 4293 suam
1313 4229 1471 4293 transtulit

153 4330 260 4405 Sulla,
284 4341 336 4405 ut,
361 4328 387 4390 si
407 4351 447 4392 ex
466 4329 558 4394 bouis
576 4328 623 4391 rei
643 4326 842 4388 condemnati
865 4348 927 4388 nou
946 4335 1063 4388 tantum
1080 4326 1295 4409 redigeretur,
1320 4335 1468 4406 quantum

153 4423 180 4487 ei
214 4423 255 4486 lis
285 4422 445 4486 aestimata
474 4434 573 4497 essct,
607 4419 758 4504 persequi
788 4423 827 4481 ab
853 4419 891 4483 iis
921 4418 1047 4494 liceret,
1086 4421 1124 4481 ad
1150 4440 1232 4501 quos
1256 4439 1291 4481 ea
1321 4415 1467 4500 pecunia,

153 4539 245 4600 quanr
262 4517 401 4598 cepisset
419 4519 464 4592 is,
490 4517 543 4602 qui
563 4519 726 4578 damnatus
740 4524 839 4588 esset,
863 4511 1073 4595 peruenisset.
1119 4512 1170 4574 Ex
1188 4533 1252 4596 quo
1271 4511 1350 4595 legis
1366 4511 1470 4594 capite

154 4624 320 4675 accusatus
355 4622 404 4675 cst
438 4613 584 4675 damnato
616 4606 754 4673 Gabinio
788 4607 829 4669 L.
866 4604 1017 4669 Rabirius
1048 4607 1233 4669 Postumus.
1277 4605 1361 4670 Eure.
1417 4607 1471 4670 Ex

153 4706 213 4769 bae
240 4707 312 4790 lege
336 4705 498 4772 Cornelia
526 4703 661 4768 accusati
689 4712 762 4766 sunt
790 4699 850 4766 Cn.
878 4699 1045 4762 Dolabella
1069 4699 1171 4778 (conl.
1194 4699 1384 4766 Perizonius
1405 4700 1472 4764 ani·

155 4802 315 4864 nadrers.
339 4822 368 4865 c.
392 4801 424 4863 2.
447 4822 481 4881 p.
512 4801 593 4880 54),
626 4796 667 4864 C.
693 4797 833 4872 Verres,
868 4793 900 4858 in
928 4814 1021 4879 quem
1048 4792 1165 4861 Cicero
1188 4795 1472 4940 aedilis¹patronue

226 4900 427 4951 onomaton.
448 4899 492 4945 ut.
