3202 5318
146 318 189 400 90
613 378 616 383 -
732 332 883 403 INDEX

231 480 399 566 Σκολμός,
425 477 583 557 vexatio,
618 479 792 554 molestia,
816 480 949 544 turbas.
994 476 1091 562 „Q'uo
1114 453 1218 547 animo
1242 480 1393 551 consedes
1418 484 1465 548 lc.

147 585 219 638 rant
236 576 320 638 bunc
342 577 502 662 σκολμόν,
524 574 680 639 rescribas
702 574 838 655 (velim)
861 576 900 637 ad
922 572 1011 637 mc.'’
1055 575 1094 636 ad
1119 574 1191 639 Att.
1213 576 1281 643 lv.
1305 579 1366 656 13,
1391 580 1423 642 1.

229 670 382 750 Σκοτάλη
400 669 592 749 ’Λακωνική
603 714 613 748 ,
644 671 782 755 scytale
808 666 981 733 Laconica
1009 667 1139 749 (brevis
1162 668 1319 753 epistola,
1358 670 1467 756 quales

40 770 51 790 ‘
146 763 279 829 occcultis
311 764 529 850 gravibusque
561 765 722 828 derebus
752 760 1000 826 Lacedaemonii
1027 762 1066 825 ad
1094 761 1306 851 imperatores
1331 764 1467 831 suasin

143 857 224 923 loris
246 858 382 943 scriptas
403 859 527 925 mittere
549 856 725 937 solebant).
769 860 808 921 ad
835 857 907 920 Au.
935 856 978 921 X.
1005 857 1064 932 10,
1093 856 1126 921 3.
1182 857 1328 941 Scytalas
1351 859 1469 923 descri-

141 951 285 1034 ptiouem
313 965 492 1017 accersitam
522 963 598 1038 pete
626 973 665 1016 ex
697 950 807 1016 Gellio
838 949 957 1015 XVII.
989 951 1021 1014 9.
1051 952 1140 1015 cont.
1170 952 1284 1016 Schol.
1317 952 1468 1037 Tbucyd.

142 1047 172 1111 Ι.
202 1048 276 1112 131.
322 1049 407 1112 Eau.
1047 1053 1051 1059 ’
1463 1060 1466 1065 ’

228 1143 394 1223 Σύλοικα,
427 1142 558 1208 olentia
583 1142 723 1220 uitium,
757 1145 907 1210 soloeca.
962 1142 1143 1216 „Lucullus
1167 1142 1206 1206 de
1233 1140 1299 1207 suis
1325 1141 1467 1208 historiis

143 1235 288 1314 dixerat,
312 1259 366 1315 sc,
398 1259 464 1321 quo
490 1236 615 1302 facilius
637 1235 707 1301 illas
730 1238 885 1320 probaret
912 1235 1050 1301 Romani
1068 1234 1203 1301 bominis
1226 1258 1311 1314 ssss,
1345 1228 1466 1325 idcirco

144 1333 280 1396 barbara
303 1333 454 1415 quaedam
478 1343 510 1395 et
531 1332 670 1398 σόλοικα
692 1329 919 1413 dispersisse.”
963 1332 1002 1394 ad
1026 1335 1098 1395 Ati.
1122 1331 1150 1395 1.
1175 1330 1233 1407 19,
1259 1331 1313 1394 10.

226 1427 406 1503 Σύλοικον,
426 1425 628 1490 absurdam.
674 1425 791 1508 „Nihil
811 1424 892 1488 enim
910 1435 972 1488 tam
991 1425 1161 1502 σόλοικον,
1190 1446 1284 1509 quam
1307 1454 1464 1513 τυραννο-

50 1525 55 1534 ’
142 1524 274 1599 κτύνους
298 1522 329 1585 in
349 1520 440 1586 caelo
459 1541 544 1595 csse,
568 1520 695 1601 tyranni
716 1520 802 1584 facta
825 1517 988 1583 defendi.''
1031 1522 1071 1583 ad
1094 1523 1163 1585 Ata.
1186 1519 1290 1585 xlv.
1315 1520 1335 1584 6
1343 1566 1354 1601 ,
1377 1522 1409 1590 2.
1427 1528 1443 1537 '⁴

227 1619 362 1697 Σοφία,
397 1614 581 1699 sapientia.
636 1667 651 1695 „
661 1615 819 1697 Princeps
848 1613 986 1678 omnium
1012 1613 1167 1677 virtutsuu
1200 1613 1253 1691 illa
1285 1615 1460 1699 sapientia,

142 1732 234 1797 quam
265 1721 391 1793 σοφίαν
417 1700 536 1774 Gracci
560 1721 697 1774 vocant:
727 1708 924 1794 prudentiam
946 1706 1044 1783 enim,
1079 1729 1172 1791 quam
1195 1709 1314 1777 Graeci
1339 1710 1461 1800 φρόμη.

141 1832 213 1879 σιν,
237 1805 327 1868 aliam
350 1806 504 1890 quandam
522 1803 743 1889 intelligimus,
767 1825 849 1887 quac
867 1812 916 1867 est
937 1823 1045 1866 rerum
1062 1805 1313 1886 expetendarum
1336 1800 1461 1893 fugier-

140 1902 316 1983 darumquc
338 1897 508 1962 scientia.”
551 1901 590 1961 de
616 1897 716 1964 Offic.
740 1898 770 1961 1.
796 1897 853 1972 13,
880 1897 952 1963 153.

225 1995 448 2074 Σοσίζεσθαι,
470 1990 644 2066 cauillari,
665 1991 792 2056 astartis
813 1990 1096 2071 excusationibus
1116 1991 1182 2056 teti.
1226 1992 1337 2075 „Nam
1363 1992 1463 2057 adbuc

140 2089 220 2153 baec
250 2087 464 2171 (Pompeius)
497 2098 681 2175 ἐσοφίζετο,
709 2108 745 2151 sc
776 2086 867 2171 leges
898 2085 1047 2152 Caesaris
1079 2089 1232 2170 probare.
1246 2085 1266 2115 '¹
1320 2086 1361 2152 ad
1391 2090 1460 2154 Att.

118 2314 122 2319 ·
223 2278 447 2360 Σοφισμαια,
468 2274 628 2366 fallaces
659 2274 968 2339 conctuairmculae.
1025 2274 1150 2361 „Atqui
1175 2272 1332 2341 habebam
1362 2276 1461 2341 mole·

138 2380 206 2435 stoa
233 2372 345 2446 vobis,
379 2373 435 2434 scd
457 2369 615 2446 minutos,
648 2368 843 2451 Stilponem,
875 2367 1075 2450 Diodorum,
1097 2369 1287 2434 Alexinum:
1324 2380 1461 2456 quornm

138 2477 212 2528 seint
235 2476 384 2529 contorta
407 2475 438 2527 et
461 2465 601 2528 aculeata
626 2466 780 2548 quaedam
801 2475 998 2547 σοφίσματα
1021 2495 1062 2506 -
1084 2462 1130 2526 sic
1157 2463 1239 2527 euius
1257 2464 1462 2549 'appellantem

137 2559 268 2624 fallaces
302 2556 622 2625 conclusiunculae.'‘
674 2560 777 2622 Acad.
810 2557 857 2622 11.
889 2558 948 2633 tt,
981 2558 1034 2621 ts.
1057 2588 1099 2600 -
1148 2558 1461 2646 ,Σοφισματάσὼ

137 2656 328 2719 uillationcs
352 2664 445 2718 vocat
469 2652 601 2719 Cicero.
611 2652 629 2676 ”
675 2653 795 2715 Seneca
818 2652 924 2735 Epist.
949 2651 1183 2738 cx1.Fegm.
1208 2675 1243 2736 p.
1274 2654 1354 2719 533.

222 2751 458 2831 Σοφιστεύειν,
479 2745 734 2833 philosophari.
755 2749 861 2821 ,Nam
882 2769 941 2811 nos
964 2747 1108 2832 quidem,
1132 2746 1238 2829 siper
1260 2747 1353 2835 istum
1372 2760 1457 2813 murm

51 2872 63 2886 ν
136 2845 277 2907 sodalem
307 2843 456 2909 Publium
486 2842 609 2918 licebit,
644 2841 852 2923 σοφιστεύειν
881 2840 1080 2926 cogitamus:
1115 2841 1142 2904 si
1171 2842 1222 2906 illc
1248 2840 1358 2929 cogit,
1395 2854 1457 2908 tum

138 2939 301 3001 dumtaxat
322 2959 382 3000 nos
406 2937 620 3000 defendere.”
664 2938 704 2998 ad
727 2939 798 2999 Att.
821 2935 871 2999 ll.
895 2938 933 3011 9,
957 2937 988 3000 3.

221 3032 432 3113 Σοφιστεύω,
463 3031 701 3114 philosophum
759 3031 981 3111 „Z'oasamdo
1014 3030 1095 3093 euim
1128 3029 1220 3094 simul
1251 3042 1286 3094 ut
1318 3032 1376 3098 rlss
1408 3030 1460 3097 dc·

138 3146 254 3200 crrrro,
288 3137 384 3209 atque
416 3124 447 3188 in
479 3128 615 3188 decursu
642 3132 748 3208 becses
778 3145 863 3188 uncas
890 3124 1098 3190 commentari
1126 3147 1189 3190 nou
1219 3125 1347 3191 desino.
1361 3126 1381 3155 ''
1423 3129 1459 3191 ad

138 3218 211 3283 Att.
236 3219 302 3283 IX.
326 3221 365 3298 9,
391 3223 420 3284 1.

221 3314 356 3395 Σοφσί,
383 3312 569 3396 sapientes.
622 3364 638 3393 „
653 3314 802 3396 Septem,
833 3311 888 3397 qui
909 3335 925 3376 a
948 3312 1081 3378 Graecis
1101 3325 1222 3396 σοφοί,
1247 3314 1460 3399 sapicutcsa

136 3406 256 3471 nostris
280 3419 313 3471 et
335 3408 534 3470 habebantur
559 3418 591 3471 ct
615 3405 897 3471 nominabantur.‘'
942 3410 1042 3472 Tusc.
1066 3411 1113 3472 V.
1136 3409 1175 3484 3,
1200 3410 1233 3471 7.

221 3502 353 3583 Σοφύς,
373 3501 522 3585 sapiens.
567 3502 634 3583 „In
662 3520 727 3584 quo
748 3500 873 3566 Laeliu'
893 3490 1067 3579 clamores,
1105 3528 1147 3568 σο
1176 3502 1211 3578 ὸς
1228 3500 1302 3579 ille,
1332 3504 1459 3585 ¹solebat

136 3598 252 3670 edere,
286 3595 482 3679 compellans
504 3595 625 3681 gumias
652 3618 693 3658 ex
720 3598 831 3663 ordine
852 3609 994 3661 nostros.
1046 3529 1218 3683 Praeclare
1238 3592 1396 3681 Laelius,
1427 3604 1457 3661 ct

134 3702 222 3755 rcctc
244 3688 388 3772 σοφύς.”
433 3692 471 3752 dc
494 3690 589 3753 Fiun.
612 3690 661 3754 lt.
684 3693 721 3766 8,
746 3690 800 3755 91.

218 3785 377 3869 Σπάρτα,
405 3786 546 3865 Sparta.
585 3785 710 3865 „Meos
735 3786 840 3848 bonos
858 3785 965 3862 viros,
996 3785 1085 3863 illos,
1118 3806 1204 3873 quos
1221 3782 1404 3870 signillcas,
1426 3795 1457 3850 cl

135 3900 223 3956 eam,
255 3901 349 3965 quam
376 3875 451 3940 mibi
476 3876 554 3940 dicis
578 3877 747 3961 obtigisse,
778 3880 951 3965 Στάρταν,
975 3902 1039 3946 nou
1063 3883 1159 3945 modo
1182 3901 1344 3965 nunquam
1367 3882 1457 3946 dese·

37 4036 39 4043 ,
135 3994 221 4049 ram,
251 3970 438 4045 sedetiam,
468 3970 496 4033 si
516 3990 579 4053 ego
600 3974 640 4033 ab
660 3972 712 4034 illa
732 3975 879 4048 deserar,
905 3987 1007 4038 tamen
1029 3975 1061 4038 iu
1084 3974 1151 4037 mea'
1172 3973 1306 4057 pristina
1329 3987 1456 4039 sentcn-

133 4066 177 4130 tia
199 4064 436 4150 peuuaucbo.”
481 4066 520 4127 ad
538 4064 609 4127 Au.
634 4050 664 4129 i.
688 4066 748 4141 20,
774 4066 807 4131 3.
851 4067 976 4143 Alludit
995 4067 1113 4134 Cicero
1137 4068 1280 4132 adhunc
1303 4089 1454 4134 versum:

218 4161 380 4251 Σπάρταν
401 4158 533 4239 ἔλαχες,
556 4160 677 4225 ταύταν
698 4160 829 4246 κόσμει,
852 4165 982 4247 Sparta
1002 4163 1066 4226 tibi
1085 4160 1226 4245 obtigit,
1250 4162 1342 4224 tacut
1356 4183 1456 4228 orna.

133 4255 173 4317 ad
206 4254 277 4320 Art.
307 4254 373 4321 lv.
406 4254 445 4329 6,
483 4255 515 4317 2.
570 4254 630 4317 Est
661 4274 774 4319 versus
806 4256 1026 4339 anapaesticus
1059 4257 1194 4322 dimeter
1220 4277 1263 4319 ex
1293 4255 1457 4341 Euripidis

134 4347 306 4431 Telephus

343 4445 504 4531 Σπάρταν
525 4440 655 4521 ἔλαχες,
683 4443 805 4508 ταύταν
833 4444 967 4530 κόσμει,

345 4538 414 4615 Τάς
443 4544 478 4605 δὲ
502 4536 665 4618 Μυκήνας
685 4541 773 4623 ἡμεῖς
798 4545 876 4622 ἰδίᾳ.

128 4626 239 4692 Paulo
266 4628 358 4694 aliter
379 4631 498 4716 legitur
518 4631 612 4715 prior
635 4651 747 4695 versus
770 4633 801 4697 iu
830 4631 1020 4719 fragmentis
1047 4632 1213 4719 Euripidis
1239 4656 1256 4698 a
1283 4634 1454 4702 Diudorfic

132 4720 224 4785 editis
246 4742 281 4804 p.
306 4722 392 4800 112„
415 4724 467 4787 cui
490 4726 517 4788 si
535 4722 705 4790 Ciceronis
728 4726 792 4791 loci
813 4739 915 4792 esseut
939 4727 1114 4806 obversati,
1139 4731 1254 4813 procul
1273 4728 1372 4795 dubio
1389 4748 1450 4793 uon

131 4812 291 4904 Σπάρτην
321 4816 504 4902 scripsisset
533 4840 635 4903 usquc
664 4831 803 4901 ἐκείνην,
834 4822 892 4885 sed
913 4822 1076 4911 Σπάρταν
1104 4832 1137 4886 st
1165 4823 1299 4890 ταύταν.
1350 4822 1447 4889 Burri
