3202 5318
539 354 690 435 INDEX
711 312 1062 439 hosmundum.
1399 374 1460 441 301

144 512 183 589 1,
209 512 267 587 12,
291 510 345 574 37.
369 544 410 557 -·
432 511 577 576 Hostis
597 511 728 575 iustus
750 523 787 575 et
807 511 1026 595 legitimus.
1055 512 1094 576 de
1110 514 1178 578 off.
1197 514 1233 591 3,
1250 515 1310 592 29,
1327 486 1402 581 108.
1418 553 1459 565 -

137 607 254 672 Paullo
280 616 354 687 post
378 604 519 668 luturum
543 619 641 688 puto,
676 618 711 669 ut
736 607 873 670 hostes
895 606 1125 672 iudicemur.
1158 611 1198 671 ad
1220 608 1310 673 Fam.
1336 611 1394 687 11,
1421 613 1456 690 1,

136 701 170 762 2.
193 730 235 745 -
258 700 297 763 In
323 710 373 775 te,
410 700 462 763 M.
485 701 626 773 Antoni,
664 699 805 762 decrevit
823 712 968 777 senatus,
1005 704 1093 784 quod
1117 701 1147 764 in
1170 702 1326 767 liostem
1348 715 1459 791 toga·

134 804 214 856 tum
238 804 300 856 est
321 793 486 856 decerni
509 793 674 858 solitum
700 815 788 857 more
816 795 981 881 maiorum.
1016 794 1160 877 Philipp.
1191 796 1231 872 2,
1256 798 1314 874 21,
1339 799 1392 864 51.
1416 836 1457 848 -
1549 780 1561 809 ²

132 889 278 971 Lepidus
299 886 427 951 hostis
451 894 630 982 a·senatu
652 887 854 950 iudicatus
877 900 953 951 est:
988 887 1151 972 ceterique
1174 912 1244 952 cum
1268 892 1341 970 illo,
1364 895 1418 977 quii
1440 918 1457 959 a

132 981 320 1064 republica
344 981 546 1057 deiecerunt3
580 982 694 1066 quibus
721 993 825 1044 tamen
851 985 896 1045 ad
917 982 1126 1045 sanitatem
1150 986 1339 1049 redeundi
1368 1000 1458 1071 ante

132 1077 302 1142 Kalend.
328 1076 549 1157 Septembr.
571 1087 760 1158 potestas
782 1075 893 1139 facto
916 1088 987 1138 est.
1011 1078 1052 1139 ad
1074 1078 1163 1142 Fam.
1190 1078 1248 1154 12,
1276 1080 1456 1156 10,1.-·

132 1171 257 1236 Deme
284 1182 408 1232 senatus
435 1169 475 1232 ita
503 1171 660 1247 decrevit,
695 1183 730 1233 ut
755 1169 785 1232 si
809 1169 880 1252 qttis
907 1169 1087 1251 impedisset
1109 1170 1241 1236 reditum
1266 1196 1386 1251 meum,
1421 1176 1458 1239 in

132 1263 307 1329 hostium
330 1286 489 1327 numero
512 1275 734 1346 putaretur.
759 1264 790 1326 in
814 1264 926 1327 Pison.
954 1266 1010 1339 15,
1035 1264 1089 1329 35.
1113 1298 1153 1310 -
1175 1268 1351 1345 Homines,
1376 1292 1458 1353 quos

134 1381 238 1441 nuper
263 1370 391 1422 senatus
414 1358 450 1421 in
474 1359 647 1423 hostium
670 1377 832 1422 numero
854 1358 1052 1422 habendos
1071 1360 1206 1433 censuit.
1244 1362 1346 1425 Verr.
1371 1366 1456 1428 Ace.

137 1455 177 1530 1,
201 1452 260 1528 31,
288 1455 342 1517 87.
410 1494 413 1499 -

98 1564 102 1569 ’
221 1548 376 1619 Hostes
409 1549 562 1611 eosdem
590 1546 751 1609 babere.
796 1546 926 1609 Foedus
948 1568 1018 1609 cum
1046 1547 1181 1611 Rhodiis
1214 1549 1266 1612 M.
1299 1548 1457 1614 Marcello

140 1642 213 1706 Ser.
237 1640 378 1724 S'nlpicio
401 1663 486 1706 coss.
510 1652 698 1717 renovatum
722 1650 811 1702 erat:
844 1662 909 1724 quo
934 1640 1117 1703 iuraverant
1140 1642 1277 1717 Rhodii,
1302 1644 1456 1708 eosdem

138 1756 181 1799 se
211 1736 345 1800 hostes
376 1737 602 1810 habituros,
633 1755 731 1818 quos
761 1747 925 1799 senatus
947 1735 1206 1819 populusque
1239 1736 1456 1803 Romanus.

137 1831 179 1892 ad
200 1831 288 1898 Fam.
315 1833 371 1907 12,
398 1832 457 1903 15,
482 1829 514 1893 2.

223 1924 483 2008 Hypothecis
506 1925 713 1987 decedere.
758 1922 920 1987 Philocles
940 1917 1119 2004 ὑποθήκας
1138 1923 1255 1988 Cluvio
1271 1926 1375 1990 dedit:
1399 1927 1471 1990 baeu

135 2020 369 2083 commissae
397 2030 486 2082 suut:
526 2018 619 2079 velim
652 2039 763 2093 cures,
800 2030 834 2079 ut
870 2027 923 2078 aut
950 2021 988 2080 de
1018 2019 1263 2101 hypothecis
1293 2022 1461 2085 decedat

135 2134 288 2199 easque
311 2112 659 2196 procuratoribus
682 2110 789 2176 Cluuii
814 2116 967 2189 tradat,
1000 2124 1054 2174 aut
1077 2114 1242 2195 pecuniam
1270 2114 1400 2177 solvat.¹
1421 2117 1461 2178 ad

136 2208 230 2272 Fam.
255 2208 312 2284 13,
338 2210 395 2284 50,
420 2208 450 2273 2.

220 2300 465 2388 Ignominia.
510 2301 673 2363 Neminem
704 2301 877 2361 voluerunt
910 2299 1049 2363 maiores·
1072 2300 1173 2363 nostri
1203 2322 1266 2364 non
1297 2304 1392 2366 modo
1416 2304 1457 2366 de

136 2395 370 2459 existimatione
391 2397 590 2478 cuiusquam,
623 2398 679 2457 sed
701 2416 739 2457 ne
765 2394 943 2475 pecuniaria
966 2394 1091 2480 quidem
1112 2397 1150 2457 de
1173 2416 1209 2457 rc
1235 2394 1357 2458 minima
1389 2416 1459 2460 esse

135 2491 289 2567 iudicem,
315 2491 372 2553 uisi
388 2489 442 2573 qui
458 2489 540 2552 inter
558 2490 760 2552 adversarios
777 2488 989 2550 convenisset.
1035 2489 1242 2569 Quapropter
1260 2488 1291 2551 iu
1312 2490 1457 2555 omuibus
1487 2527 1500 2565 χ

137 2583 284 2669 legibus,
307 2588 345 2647 de
371 2585 484 2668 quibus
504 2585 606 2647 causis
625 2596 678 2646 aut
694 2581 899 2667 magistratus
918 2603 1034 2665 capere
1053 2602 1116 2645 non
1139 2583 1231 2645 liceat
1253 2595 1306 2646 aut
1324 2584 1459 2649 iudicem

137 2678 203 2764 legi
214 2691 267 2742 aut
280 2681 413 2743 alterum
426 2698 586 2750 accusare,
603 2677 851 2763 ignominiae
864 2676 1158 2756 (animadversionis
1174 2678 1351 2757 censoriae)
1365 2699 1458 2742 causa

137 2775 361 2856 praetermissa
382 2783 441 2836 est.
488 2773 628 2836 Timonis
652 2772 731 2836 enim
754 2793 895 2843 causam,
922 2792 983 2832 non
1009 2770 1093 2832 vitae
1114 2792 1248 2852 poenam
1271 2769 1306 2833 in
1327 2770 1381 2834 itta
1400 2790 1460 2854 po·
1482 2791 1485 2797 ·

138 2878 252 2933 testate
276 2868 449 2948 (censoria)
472 2888 540 2929 esse
564 2868 748 2931 voluerunt.
783 2874 844 2947 p'ro
868 2863 1019 2930 Cluentio
1043 2865 1100 2937 13,
1126 2866 1200 2928 120.

221 2964 448 3049 Ignominia
473 2963 602 3029 notati
625 2986 641 3026 a
664 2961 861 3025 censoribus.
906 2960 990 3021 Vide
1013 2956 1209 3023 Iudicium
1232 2971 1363 3041 torpe.

220 3059 257 3131 l,
297 3058 436 3137 lictor,
475 3060 627 3144 colliga
668 3077 814 3117 suanus.
870 3052 1001 3136 Caput
1036 3056 1251 3118 obnubito.
1307 3054 1460 3119 Arbori

134 3150 300 3215 infelici
322 3156 576 3234 suspendite.
611 3173 672 3234 pro
699 3150 739 3214 C.
765 3148 897 3213 Rabirio
922 3149 1077 3230 perduell.
1102 3150 1139 3224 5,
1164 3149 1216 3210 13.
1363 3164 1366 3171 ·

222 3248 422 3310 lmmnnis.
460 3247 615 3311 Civitates
631 3247 697 3308 siue
715 3246 845 3307 foedere
867 3243 1061 3305 immunes
1083 3255 1122 3305 et
1143 3244 1297 3306 liberae
1320 3241 1458 3328 quinque

134 3338 168 3401 in
191 3340 310 3403 Sicilia.
345 3343 445 3403 Verr.
471 3345 589 3405 Aecus.
614 3342 651 3414 3,
677 3344 711 3416 0,
738 3341 791 3402 13.

221 3434 441 3519 Imperare.
478 3437 683 3498 Frumentum
705 3432 765 3497 sibi
781 3433 812 3495 in
828 3433 936 3495 cellam
957 3433 1173 3514 imperare.
1196 3428 1306 3494 Divin.
1325 3431 1382 3506 10,
1401 3432 1455 3494 30.

225 3528 454 3610 Imperator
485 3529 711 3610 appellatus
743 3525 913 3589 victoria
946 3527 1064 3589 iusta.
1103 3528 1144 3588 ad
1167 3527 1257 3587 Fam.
1282 3525 1317 3599 2,
1343 3526 1400 3599 10,
1426 3527 1459 3588 3.

226 3622 453 3705 Imperator
475 3625 613 3706 populi
638 3621 815 3685 Romani.
840 3623 940 3683 Verr.
966 3623 1048 3683 Ace.
1073 3623 1109 3694 1,
1135 3621 1192 3695 21,
1218 3619 1270 3681 56.
1294 3653 1335 3664 -
1357 3620 1457 3683 Verr.
1579 3632 1582 3637 '

137 3718 259 3782 Aecus.
284 3717 320 3793 2,
348 3718 403 3791 10,
430 3720 482 3780 00.
506 3721 608 3778 -ad
632 3716 699 3779 Au.
723 3719 759 3791 7,
786 3715 841 3789 11,
869 3719 898 3775 1.

225 3810 451 3894 Imperium.
497 3812 580 3873 Vide
602 3808 694 3873 Cum
725 3808 897 3889 imperio
922 3828 1019 3869 esse.
1043 3839 1082 3850 —
1106 3805 1282 3888 Imperio
1305 3806 1458 3870 edicto·

138 3925 214 3992 que
236 3903 353 3989 aliquid
375 3905 564 3986 prohibet
584 3915 728 3985 praetor.
764 3905 864 3965 Verr.
889 3905 1008 3966 Aecus.
1033 3903 1070 3974 2,
1095 3903 1151 3975 06,
1177 3904 1249 3963 101.

223 4000 440 4083 Impetrire
463 4021 539 4060 res.
586 3999 707 4079 Magna
730 3996 777 4057 vis
795 3996 959 4058 uidebatur
981 3994 1167 4075 (maioribus
1187 3993 1320 4075 nostris)
1342 3992 1373 4056 in
1394 3992 1459 4055 im·

136 4092 373 4177 petriendis
401 4093 665 4174 consulendisque
691 4093 786 4152 rebus
808 4090 839 4152 iu
863 4091 1062 4172 haruspicum
1086 4089 1262 4171 disciplina.
1286 4089 1325 4149 de
1346 4086 1458 4150 Dicin.

138 4188 172 4267 1,
198 4189 235 4264 2,
261 4189 292 4252 3.
338 4189 423 4252 Ibid.
449 4189 503 4262 10,
528 4188 580 4248 28.

220 4284 407 4366 Imploro
433 4293 469 4343 ct
492 4280 665 4363 appello.
708 4280 808 4342 Verr.
833 4280 868 4355 5,
895 4281 950 4354 72,
976 4280 1030 4342 88.
1055 4316 1094 4325 -
1124 4275 1310 4360 Imploro
1333 4287 1372 4340 et
1395 4280 1459 4340 ob·

138 4389 283 4441 testor.
330 4379 415 4440 Ibid.

221 4474 420 4536 Incestus.
466 4470 550 4532 l'idc
574 4467 780 4548 Quaestio.
806 4498 845 4509 --
877 4467 932 4529 Dc
956 4465 1108 4528 incestu
1131 4465 1316 4549 (Virginum
1344 4464 1462 4528 Vesta·

139 4564 230 4644 lium)
253 4564 383 4646 rogatio
399 4566 577 4627 Peducaeo.
603 4566 641 4624 de
658 4562 702 4623 N.
719 4562 762 4624 D.
785 4562 822 4637 3,
847 4561 903 4635 30,
931 4562 982 4621 tt.
1029 4560 1114 4623 Vide
1129 4559 1250 4623 Baiteri
1265 4559 1337 4623 Iud.
1353 4560 1462 4647 Legg.

224 4661 268 4723 ln
292 4661 386 4721 diem
410 4658 585 4721 tertium.
630 4658 714 4719 Vide
737 4654 1015 4719 Perendinum.

224 4752 386 4816 Inserre
408 4752 439 4813 in
464 4753 597 4834 aliquem
621 4750 730 4812 litem
753 4747 911 4831 capitis.
947 4770 1007 4830 pro
1032 4748 1181 4823 Cluentio
1205 4749 1262 4827 tt,
1286 4748 1358 4813 116.

227 4847 272 4910 In
294 4845 378 4909 lide
401 4846 572 4911 alicuius
595 4846 698 4923 esse,
723 4843 755 4907 id
776 4854 840 4921 est,
861 4841 893 4905 in
916 4843 1089 4923 clientela„
1119 4842 1199 4911 Vid.
1222 4843 1351 4910 Fides.
