3202 5318
553 368 705 437 tnoex
725 373 905 439 ineunt.
1184 363 1194 373 ’
1326 379 1387 443 aas
1424 328 1427 346 ’

60 510 222 596 aequales.
265 512 315 575 Ita
344 531 440 594 saepe
468 533 581 594 magna
613 511 734 575 indoles
763 511 905 589 virtutis,
937 512 1027 599 prius
1056 537 1148 600 qtram
1169 517 1385 602 reipublicae

59 607 218 688 prodesse
240 605 413 685 potuisset,
438 605 591 667 exstincta
615 603 688 667 luit.
733 607 780 668 At
803 627 882 669 vero
905 608 989 689 apud
1010 608 1158 692 antiquos
1181 611 1287 687 Rulli,
1318 613 1384 676 De·

60 697 118 775 cii,
143 697 287 762 Corvini
311 699 461 781 multique
483 697 553 771 alii,
584 697 886 763 recentioreanten
909 699 1060 769 memoria
1082 703 1232 784 superior
1254 704 1384 769 Africa·

60 812 134 866 nus,
172 794 214 857 Τ.
242 791 453 865 Flamininus,
490 792 656 853 admodum
687 792 903 855 adolescentes
929 795 1075 858 consules
1104 794 1180 858 facti
1208 807 1310 859 tantas
1330 818 1385 862 res

60 896 249 971 gesseruut,
270 896 305 947 nt
324 883 589 967 populillomaui
604 884 765 965 imperinm
783 885 944 963 auxerint,
961 909 1075 952 nomeu
1094 888 1250 953 ornarint.
1274 888 1384 968 Qrtidi

59 979 200 1042 Macedo
213 979 416 1052 Alexander,
442 1000 511 1040 cunm
533 980 571 1040 ab
588 977 712 1040 ineunte
732 989 832 1043 aetate
847 999 898 1042 res
913 979 1065 1047 maximas
1079 1003 1194 1069 gerere
1214 981 1382 1065 coepisset,

57 1090 165 1134 nonne
196 1067 294 1135 tertio
321 1083 352 1134 et
377 1071 537 1135 tricesimo
568 1090 651 1134 auno
679 1084 813 1134 mortem
842 1070 945 1136 obiit?
978 1095 1058 1158 quae
1083 1086 1133 1137 est
1155 1087 1240 1139 aetas
1267 1075 1384 1141 uostris

57 1162 186 1247 legibus
208 1166 318 1227 decem
340 1164 426 1227 aunis
450 1163 553 1227 minor
576 1185 666 1246 qnam
691 1164 881 1227 consularis.
926 1165 978 1227 Ex
1009 1188 1074 1249 qno
1104 1168 1235 1232 iudicari
1264 1181 1383 1253 potest,

57 1254 188 1322 virtutis
210 1279 396 1345 essequam
419 1256 529 1321 aetatis
551 1278 676 1320 cursum
699 1256 923 1321 celeriorem.''
966 1259 1111 1343 Philipp,
1127 1261 1174 1325 V.
1193 1264 1251 1338 tt,
1271 1263 1309 1324 tt
1329 1283 1381 1347 sq.

397 1417 540 1479 Vinum.

142 1536 225 1618 „Eo
254 1556 338 1600 anno
361 1539 407 1614 (u.
431 1557 461 1599 c.
484 1536 574 1614 573.)
595 1535 725 1620 rogatio
754 1535 887 1619 primum
913 1537 974 1599 lata
1001 1549 1050 1600 est
1074 1541 1114 1601 ah
1137 1543 1177 1605 L.
1202 1540 1307 1606 Villio
1328 1541 1384 1605 tri·

55 1628 147 1695 ἱΙο
162 1629 286 1713 plebis,
311 1641 390 1714 qtaot
405 1650 504 1693 annos
520 1629 752 1714 nationemque
769 1631 982 1712 magistratum
997 1643 1143 1713 peterent
1156 1645 1382 1718 canerentque.

57 1717 131 1787 inte
144 1743 329 1808 cognomen
341 1723 477 1819 familiae
489 1722 631 1800 inditum,
646 1734 681 1785 nt
692 1726 844 1789 Annales
855 1723 1126 1806 appellarentur.''
1148 1725 1226 1790 Liv.
1239 1727 1317 1793 XL.
1328 1728 1381 1791 11.

400 1882 555 1947 Pinnata.

139 2000 254 2083 ,otim
277 2004 391 2067 umen
415 2024 486 2065 cum
515 2004 617 2087 legem
645 2004 745 2068 ferret
770 2003 929 2080 annalem,
964 2003 1125 2069 dissuasor
1150 2006 1203 2070 Μ.
1227 2003 1383 2071 Servilius

58 2097 124 2163 nie
145 2095 254 2172 nuni,
276 2095 395 2178 iuquit,
419 2099 476 2160 M.
499 2098 634 2175 Pinari,
659 2119 758 2170 uum,
781 2097 813 2160 si
834 2108 955 2161 contra
976 2109 1009 2160 te
1031 2099 1172 2176 dixero,
1198 2100 1384 2163 mihimole

59 2188 217 2255 &hunus
238 2210 292 2262 es,
318 2201 357 2251 ut
377 2190 497 2253 ceteris
508 2188 664 2279 fecisti}²
687 2194 731 2254 tte
748 2203 930 2254 sementem
940 2187 1099 2280 seceris,
1123 2191 1175 2255 ita
1189 2203 1312 2270 metes,
1335 2191 1384 2256 iu-

60 2282 165 2366 quit.”
209 2284 249 2344 tle
274 2283 367 2346 Orat.
390 2283 437 2347 ΙΙ.
462 2284 518 2358 66,
544 2285 617 2348 761.

139 2376 298 2441 Annales
317 2386 404 2451 stunt,
429 2376 541 2460 quibus
558 2375 762 2441 constitutum
778 2387 841 2450 est,
864 2396 929 2461 quo
949 2397 1031 2441 anno
1051 2376 1166 2463 cuique
1181 2376 1382 2462 magistratus

59 2480 168 2553 petere
195 2467 328 2531 liceret:
363 2490 427 2551 qno
454 2469 482 2532 si
506 2469 576 2553 quis
602 2482 743 2544 creatur,
779 2493 812 2532 v.
837 2491 867 2531 e.
896 2471 1025 2546 consul,
1060 2490 1153 2535 anno
1180 2492 1245 2534 suo
1264 2471 1383 2535 ¹consul

58 2563 160 2628 huns
188 2563 321 2639 dicitnr,
353 2562 418 2626 vid.
445 2566 529 2648 Agr.
552 2565 600 2627 ΙΙ.
624 2565 654 2630 7.
701 2562 789 2626 Tntit
812 2562 930 2644 primus
953 2563 1130 2626 accuratius
1152 2563 1294 2640 Villius,
1325 2564 1384 2626 tri·

60 2658 162 2721 hunus
191 2656 314 2739 plebis,
349 2658 394 2720 A.
423 2657 591 2721 Postumio
621 2657 741 2721 Albino
771 2667 801 2718 et
830 2654 873 2735 Q.
904 2655 1022 2718 Fulvio
1055 2656 1174 2721 Flacco
1196 2678 1281 2720 coss.
1304 2653 1380 2724 Liv.

62 2750 138 2815 XL.
161 2748 218 2813 11.
252 2751 381 2814 Manut.
404 2753 442 2813 de
464 2753 573 2835 Legg.
597 2771 628 2814 c.
652 2751 684 2814 6.
729 2751 809 2813 Nam
833 2747 893 2812 etsi
922 2748 1036 2812 Livius
1066 2749 1089 2812 l.
1117 2770 1147 2813 c.
1179 2748 1315 2834 primum
1341 2752 1382 2812 ab

61 2864 99 2909 eo
118 2846 218 2909 deca
241 2844 393 2907 relatum
420 2865 490 2908 esse
515 2845 609 2908 dicit:
650 2856 752 2906 tamen
778 2844 858 2906 idem
888 2840 947 2905 iam
974 2852 1141 2905 antaeum
1172 2846 1210 2907 de
1235 2854 1381 2925 tempore

62 2938 218 3002 honorum
253 2940 461 3020 petendorum
491 2939 578 3021 leges
611 2938 708 3000 finisse
735 2936 880 2998 dubitare
911 2957 971 2997 nos
999 2957 1062 2999 uon
1093 2935 1167 2998 sinit
1198 2937 1313 2999 XXV.
1348 2935 1379 2999 7.

61 3031 211 3095 sedeam
226 3032 424 3115 singulorum
449 3054 511 3094 nou
536 3031 651 3093 deliniti
675 3043 778 3103 eraut,
804 3042 836 3091 ut
860 3031 929 3112 lege
952 3029 1062 3103 Villii,
1088 3051 1197 3092 verum
1221 3029 1380 3104 universe,

62 3146 139 3208 quac
161 3136 249 3187 aetas
274 3137 393 3187 matura
416 3137 499 3187 esset
522 3126 695 3187 honoribus
718 3123 874 3206 petendis.
919 3124 997 3186 Vid.
1016 3125 1167 3206 Sigonius
1185 3135 1215 3185 ct
1231 3122 1379 3204 Pighius,

60 3214 202 3301 inprimis
227 3218 375 3282 Dukerus
399 3221 437 3279 ad
461 3217 536 3280 Liv.
561 3219 583 3280 l.
607 3219 630 3279 l.
654 3240 683 3283 c.
708 3240 737 3279 c.
782 3216 868 3279 Anni
887 3228 988 3278 antem
1008 3216 1168 3278 constituti
1190 3230 1262 3279 sunt
1283 3216 1379 3279 Villia

61 3311 128 3396 lege
150 3323 344 3395 quaesturae
366 3313 425 3385 31,
458 3310 604 3372 aedilitati
627 3313 684 3386 37,
720 3323 886 3392 praeturae
909 3313 970 3384 to,
1002 3309 1178 3372 consulatui
1202 3312 1254 3373 13.
1298 3312 1380 3373 Nam

62 3405 106 3469 tis
134 3406 226 3469 aunis
257 3404 375 3469 Cicero
405 3406 472 3468 hos‘
497 3405 696 3487 caragistrntns
727 3405 843 3487 gessit,
877 3403 931 3484 qni
960 3424 1024 3465 sno
1054 3425 1087 3464 sc
1111 3424 1266 3486 quemque
1288 3424 1380 3466 anno

62 3498 196 3583 gessisse
217 3497 382 3580 praedicat
410 3503 461 3574 (de
486 3499 579 3562 offic.
604 3499 651 3560 II.
677 3501 733 3570 17,
758 3498 843 3574 59.);
882 3518 940 3557 nee
968 3496 1131 3571 audiendi,
1167 3495 1221 3579 qui
1247 3506 1299 3557 ant
1328 3517 1382 3557 au-

61 3611 130 3653 run
152 3592 214 3667 77,
250 3605 285 3654 nt
309 3592 497 3654 Zamoscins
521 3595 558 3654 dc
581 3594 689 3654 Senat.
713 3613 746 3670 p.
772 3613 812 3651 m.
837 3590 907 3663 75.,
944 3603 997 3650 aut
1026 3611 1138 3650 annmn
1167 3589 1219 3649 75.
1243 3600 1378 3668 ponunt,

62 3696 93 3745 ct
120 3685 292 3750 Dodwell.
322 3686 433 3748 Pracl.
466 3685 577 3749 Camd.
621 3687 778 3748 Dicuntur
801 3688 859 3745 hae
882 3684 970 3765 leges
994 3683 1084 3744 etiam
1108 3680 1275 3743 aunarius
1297 3683 1380 3760 apud

63 3778 189 3841 Festum
217 3789 250 3841 et
280 3779 444 3860 Lamprid.
475 3781 504 3841 in
535 3779 714 3842 Commodo
744 3800 771 3843 c.
801 3778 832 3839 7.
878 3779 930 3839 Ex
953 3776 1053 3838 annuali
1075 3777 1147 3858 lege
1169 3777 1225 3837 M.
1247 3773 1381 3837 Pinarii

10 3844 16 3895 i
64 3873 192 3936 tunae
223 3872 344 3934 tribuni
371 3871 472 3952 plebis
501 3871 576 3933 nihil
607 3883 721 3945 restat,
756 3892 814 3933 nec
843 3883 926 3932 aetas
955 3869 1021 3931 eins
1050 3869 1125 3930 satis
1148 3879 1248 3930 certa.
1293 3867 1378 3928 Eun.

64 3962 196 4049 Pighius
225 3965 347 4027 Annal.
380 3968 474 4031 Rom.
499 3968 542 4028 Τ.
567 3964 632 4028 Ill.
655 3988 689 4044 p.
714 3967 766 4027 16.
791 3986 857 4026 eam
881 3984 962 4026 anuo
987 3984 1018 4025 u.
1043 3984 1074 4024 c.
1098 3961 1170 4026 677.
1193 3956 1377 4043 assignavit.

67 4054 159 4125 cont.
183 4058 280 4124 ctiam
303 4058 479 4123 Coaneurx
501 4060 542 4122 de
565 4060 838 4142 magistratibus.

456 4239 582 4300 einata.
628 4236 705 4298 Vid.
731 4238 981 4301 semmurum.

618 4416 810 4479 Antoniae.

138 4535 347 4608 ,Servatam
377 4535 515 4617 auspicia
547 4555 656 4619 regcs3
693 4556 773 4617 qnae
803 4534 853 4596 hic
881 4531 992 4595 consul
1020 4552 1185 4615 angtrrqne
1218 4532 1375 4616 neglexit,

73 4644 158 4712 ttqttc
178 4630 287 4694 solum
317 4629 440 4711 legibus
470 4644 578 4692 contra
606 4628 744 4711 auspicia
771 4627 927 4699 ferendis,
963 4629 1017 4688 scd
1044 4625 1135 4688 etiam
1168 4624 1290 4708 collega
1318 4650 1377 4691 tana

73 4717 177 4786 tenete
204 4744 268 4799 co,
299 4743 393 4809 quem
418 4723 485 4804 ipso
512 4725 664 4786 ementitis
691 4721 836 4802 auspiciis
866 4720 1012 4782 vitiosum
1039 4719 1191 4782 iecerat.'’
1233 4722 1375 4802 Philipp.

75 4808 128 4878 ΙΙΙ.
148 4819 166 4880 1
175 4861 186 4895 ,
210 4817 246 4881 9.
268 4815 361 4881 eod.
383 4817 448 4879 VI.
472 4817 507 4892 7,
532 4817 626 4880 3.-
650 4819 742 4900 „Eas
764 4815 869 4900 leges,
895 4835 972 4899 quas
995 4817 1050 4880 M.
1074 4813 1245 4877 Antonius
1267 4817 1375 4877 tulisse
