3202 5318
133 327 194 392 sia
534 320 684 386 tnnnx
704 317 1060 385 eonmunaunni.
1145 391 1153 398 ,

131 464 182 535 'vis
203 467 314 554 populi
336 465 485 549 ninivense
507 463 561 527 97.
585 471 695 525 contra
719 460 771 524 95.
814 459 865 524 De
880 458 1100 523 distributione
1115 469 1295 522 ceterarum
1312 458 1465 535 classium

132 563 213 629 oseti
233 562 308 626 nibil
331 570 471 633 constat;
505 577 616 619 vertam
639 555 757 636 duplex
779 576 814 617 ea
837 557 876 617 de
897 576 933 617 re
955 553 1138 616 coniectura
1161 551 1304 635 proponi
1333 563 1463 636 potest:

622 695 653 759 Ι.
798 721 803 730 ·
1058 706 1062 729 ¹
1161 693 1210 757 11.

447 829 492 881 12.
514 819 667 875 centuriae
688 816 835 892 equitnm:
956 820 1002 873 12.
1023 815 1176 871 centuriae
1196 816 1356 893 equitanie

445 920 492 976 55.
514 914 667 971 centuriae
687 912 855 967 iuniorum:
955 914 1003 968 55.
1025 911 1179 966 centuriae
1199 910 1376 966 iuniorum:

445 1014 492 1072 55.
512 1008 666 1065 centuriae
685 1007 855 1062 seniorum:
956 1008 1003 1064 55.
1025 1004 1177 1060 centuriae
1197 1005 1376 1061 seniorums

464 1109 493 1165 6.
515 1101 676 1178 suffragia:
977 1104 1004 1157 6.
1026 1097 1186 1175 suffragia:

170 965 272 1024 Prima
291 962 398 1022 classis

708 1211 809 1280 (Dicis
830 1231 919 1269 cansa
940 1231 978 1268 ex
998 1213 1141 1269 inferiore

727 1305 824 1383 aliqua
845 1307 960 1373 classe,
982 1308 1071 1363 tertia
1094 1305 1142 1362 vel

725 1411 843 1483 quarta,
860 1399 1024 1458 addebatur
1038 1411 1141 1457 centu·

726 1496 772 1552 ria
786 1493 904 1554 fabrum
916 1494 1140 1572 tignariorum.)

447 1607 493 1664 55.
516 1600 670 1658 centuriae
690 1598 862 1656 iuniorum:
959 1597 1467 1666 55.centuriae‚nuliadistinctione

447 1702 493 1757 55.
515 1695 673 1760 εειιῖιιινίιαελ
690 1695 860 1751 seniorum:
1010 1696 1089 1750 inter
1115 1694 1248 1749 iuniores
1275 1703 1305 1748 et
1330 1695 1467 1750 seniores

1008 1787 1102 1855 faeta3
1124 1805 1183 1844 una
1197 1787 1265 1844 scil.
1281 1789 1425 1845 centuria
1437 1789 1468 1847 its

1008 1881 1132 1958 singulis
1153 1879 1305 1939 tribubus.

133 1649 272 1712 Secunda
292 1650 396 1707 elassis
416 1593 427 1781 Ξ

451 1845 557 1914 (Binae
578 1863 631 1921 per
652 1843 784 1921 singulas
805 1841 926 1911 tribus.)

170 2001 274 2059 Tertia
293 1999 398 2058 classis
421 1989 951 2082 i55.centuriae‚nnlladistinetione
980 1998 1028 2055 55.
1050 1997 1220 2064 centuriae,
1242 2005 1277 2052 ut
1296 2012 1403 2070 snpra.

500 2094 579 2148 inter
599 2091 733 2146 iuniores
759 2097 789 2144 et
814 2089 951 2145 seniores

499 2187 598 2251 taem
615 2202 673 2240 uns
688 2183 753 2239 scil.
770 2185 904 2239 centuria
919 2183 951 2238 in

501 2278 628 2355 singulis
648 2275 798 2335 tribubus.

824 2370 940 2444 Quarta

823 2465 947 2523 elassis=
969 2469 1016 2524 55.
1038 2465 1208 2530 centuriae,
1231 2471 1391 2539 utsupra.

433 2603 498 2660 193.
520 2598 673 2654 centuriae
692 2616 806 2654 cinnes.
943 2600 1008 2656 195.
1030 2597 1182 2653 centuriae
1203 2613 1321 2651 omnes.

444 2752 446 2775 .
471 2711 602 2784 Quartae
614 2721 643 2767 et
654 2712 773 2787 quintae
786 2710 890 2767 elassis
903 2712 934 2766 in
1020 2708 1147 2781 Quintae
1156 2709 1261 2765 classis
1274 2707 1468 2765 nullseerant

416 2807 934 2863 nonaconuitiorumcenturiatorum
964 2815 1076 2881 partes.

300 2896 304 2905 ’
414 2901 510 2956 forma
523 2899 620 2956 nullae
632 2911 718 2956 eraut
732 2910 844 2974 partes.

222 3013 306 3079 Illud
331 3013 516 3096 praesertim
543 3015 710 3077 tenendum
740 3025 806 3089 est,
842 3032 912 3075 cum
940 3024 1014 3095 post
1041 3032 1155 3074 annum
1188 3009 1261 3075 587.
1292 3011 1381 3074 nulla
1409 3009 1468 3074 iam

138 3105 257 3173 tributa
279 3109 493 3188 penderentur
522 3107 646 3170 aerario
671 3130 688 3169 a
711 3107 834 3170 civibus
860 3101 1013 3171 Romanis
1040 3116 1240 3190 mutatusque
1265 3118 1352 3168 esset
1376 3105 1467 3167 etiarn

140 3199 258 3265 veteris
278 3199 404 3264 militiae
426 3221 514 3276 snos,
539 3202 654 3264 nudius
677 3202 746 3264 iere
769 3200 918 3265 momenti
939 3201 1037 3265 fuisse
1064 3199 1307 3282 descriptionem
1335 3200 1468 3262 duarum

141 3294 192 3358 vel
213 3291 305 3356 etiam
325 3294 420 3356 trium
443 3294 621 3356 ultimarum
641 3295 805 3369 classium,
844 3307 955 3376 utpote
978 3317 1058 3378 quiae
1083 3316 1240 3378 nunquam
1263 3294 1293 3355 in
1315 3292 1468 3378 suffragia

141 3386 343 3451 mitterentur
364 3389 404 3450 ad
428 3386 628 3471 magistratus
653 3400 717 3451 tres
740 3390 876 3452 iuniores
903 3391 1123 3452 declarandos.
1168 3388 1243 3451 Vini
1276 3406 1367 3448 suam
1394 3407 1470 3472 qna·

142 3481 329 3564 lemeunque
352 3482 546 3545 exercebant
569 3480 600 3543 in
623 3483 757 3546 comitiis
781 3483 924 3558 tributis,
949 3482 979 3544 in
1004 3484 1118 3566 quibus
1140 3493 1219 3545 teste
1245 3481 1394 3546 Messala
1414 3480 1470 3545 mi·

141 3595 236 3640 nores
260 3575 463 3660 magistratus
486 3576 676 3639 creabantur
699 3597 802 3661 eoque
823 3577 892 3639 iure
914 3589 1080 3641 contentae
1104 3598 1173 3639 esse
1195 3576 1368 3638 debebant.

227 3669 402 3733 Maximam
429 3669 640 3733 difficultatem
664 3670 695 3732 in
718 3682 782 3733 tota
809 3671 870 3734 hac
890 3672 1013 3735 ratione
1037 3693 1077 3733 ex
1102 3693 1142 3734 eo
1167 3681 1284 3733 motum
1312 3670 1354 3735 iri
1379 3691 1471 3756 prae·

144 3762 259 3839 video,
284 3773 317 3826 ut
337 3762 579 3827 addubitaturus
601 3786 758 3828 nonnemo
785 3765 844 3840 sit,
869 3787 906 3827 an
927 3764 1046 3847 primae
1068 3765 1177 3827 elassis
1199 3763 1363 3829 centuriae
1382 3764 1471 3828 binae

142 3877 213 3921 esse
238 3858 400 3939 potuerint
427 3858 519 3921 etiam
544 3859 575 3921 in
602 3871 754 3941 quattuor
783 3861 926 3922 tribubus
958 3859 1098 3923 irrbanis.
1144 3860 1209 3921 Sed
1234 3860 1472 3940 posterioribus

143 3951 341 4032 temporibus
371 3951 521 4015 credibile
548 3965 680 4017 estnon
705 3955 806 4019 solum
832 3953 1018 4036 operarius,
1052 3951 1207 4027 artifices,
1241 3952 1412 4019 libertinos
1440 3953 1473 4017 in

143 4046 183 4111 iis
203 4045 320 4121 fuisse,
345 4068 454 4111 verum
482 4048 572 4111 etiam
600 4049 760 4124 homines,
785 4049 839 4131 qui
863 4061 986 4111 centum
1015 4048 1130 4111 milium
1152 4045 1236 4110 aeris
1263 4067 1394 4110 censum
1416 4047 1473 4110 ha·

143 4142 269 4205 besent.
312 4141 440 4221 Etenim
468 4162 537 4203 cum
566 4142 649 4205 circa
680 4165 710 4205 a.
734 4165 766 4205 u.
791 4166 820 4207 c.
850 4145 923 4207 577.
959 4154 1038 4206 teste
1068 4141 1167 4224 Livio
1197 4141 1256 4215 tt,
1287 4140 1322 4203 8.
1360 4162 1473 4227 magna

144 4233 314 4300 multitudo
344 4235 466 4299 soeidin
493 4235 629 4298 nominis
654 4237 763 4299 Latini
785 4238 907 4302 Romae
931 4237 1017 4300 censi
1040 4236 1175 4299 Rommn
1205 4235 1473 4320 commigrassent

144 4328 294 4412 civesque
317 4328 455 4393 Rotnani
477 4328 553 4391 iacti
580 4342 702 4406 essent,
727 4330 759 4392 hi
781 4331 838 4393 alia
862 4353 955 4416 qiiam
981 4332 1100 4392 urbana
1125 4328 1210 4392 tribu
1234 4349 1306 4392 esse
1334 4329 1390 4392 vix
1416 4348 1474 4411 po-

145 4431 260 4483 terant.
306 4419 446 4487 Omnino
461 4435 562 4486 autem
587 4436 663 4488 octo
686 4426 847 4489 centuriae
868 4428 1058 4488 urbanarum
1078 4423 1216 4486 tribuum
1233 4423 1310 4485 nibil
1326 4424 1474 4487 valebant

145 4515 297 4577 adversus
320 4528 494 4580 ceterarum
518 4517 639 4598 primae
662 4519 769 4582 classis
793 4520 1005 4583 centuriarum
1028 4539 1204 4582 nnmerum.

228 4607 422 4673 Mirabiliter
452 4624 554 4675 aiitein
586 4613 770 4695 conspirare
797 4627 963 4697 utrumque
992 4612 1160 4681 Ciceronis
1187 4613 1295 4678 locum
1323 4615 1364 4678 de
1387 4614 1473 4695 Rep.

145 4698 184 4775 9,
208 4699 261 4763 99.
285 4714 315 4765 et
337 4705 478 4789 Philipp.
501 4707 538 4783 9,
562 4707 620 4782 33,
644 4709 697 4772 89.
722 4729 762 4770 cx
786 4711 844 4770 bae
862 4708 1064 4773 comitiorum
1083 4706 1333 4773 centuriatorum
1356 4704 1475 4771 deseri·

143 4793 254 4882 ptiopc
274 4794 424 4885 edocebit.
469 4802 555 4885 Ante
579 4801 684 4869 omnia
705 4813 792 4877 sorte
815 4803 954 4865 ducenda
978 4812 1048 4868 erat
1073 4825 1114 4870 cx
1138 4804 1191 4866 70.
1218 4801 1340 4887 primae
1365 4798 1473 4871 classis
