3202 5318
571 303 722 373 INDEX
742 305 927 373 Ludunt.
1347 307 1409 375 25⁵

80 443 211 527 irnpune
226 463 393 519 recusare,
417 442 511 529 eique
533 445 708 511 molestiam
731 467 842 511 creare
863 446 931 510 sine
950 467 1057 511 caiisa.
1100 447 1154 511 Ex
1176 468 1208 511 c.
1225 448 1279 512 90.
1304 459 1408 513 antem

85 536 270 624 colligitur,
304 538 563 605 calumniatorum
591 539 693 604 fronti
721 540 856 605 litteram
882 539 981 604 luisse
1002 539 1148 606 inustam.
1194 534 1285 623 Quae
1307 553 1409 606 autem

84 631 170 696 inuri
195 631 291 697 solita
317 632 373 708 sit,
408 634 447 694 de
473 653 513 695 eo
539 654 602 698 non
628 633 705 697 satis
727 644 818 700 certo
842 644 980 699 constat.
1025 635 1106 699 Nam
1133 636 1191 699 etsi
1212 635 1306 700 valde
1332 656 1426 719 pro·¹

83 725 199 790 babilis
220 737 270 801 est
288 747 397 790 eorum
422 725 547 810 opinio,
573 725 627 810 qui
645 730 693 793 K.
717 726 851 790 inustam
868 738 999 810 putant,
1023 731 1110 810 quod
1128 749 1163 792 ea
1183 728 1284 811 prima
1304 729 1410 804 littera

82 830 133 883 est
149 819 241 884 vocis
255 820 444 895 columnia,
470 843 487 885 e
510 820 610 884 veteri
625 820 782 897 scribendi
797 819 940 897 ratione,
965 843 1045 906 quac
1059 821 1239 889 inminuta
1252 822 1412 887 scribebat

81 915 130 992 (v.
154 913 294 977 Vossius
316 913 498 978 Aristarcb.
522 915 552 977 1.
578 917 668 993 17.):
707 925 811 977 tamen
842 935 906 980 non
939 927 986 978 est
1014 915 1099 979 omni
1127 938 1167 979 ex
1194 927 1282 998 parte
1304 929 1408 994 certa,

80 1007 142 1070 sed
161 1007 347 1071 coniectura
370 1019 487 1070 tantum
510 1007 634 1081 nititur3
669 1011 796 1089 quando
826 1030 919 1073 nemo
950 1020 1028 1073 vett.
1056 1020 1103 1073 est
1126 1008 1193 1073 eius
1215 1008 1261 1072 rei
1284 1022 1409 1075 auctor.

80 1099 155 1182 [Cf.
180 1102 339 1166 Garatom.
363 1107 401 1165 ad
425 1102 497 1168 Cic.
522 1103 545 1164 l.
569 1103 591 1167 1.
614 1114 645 1164 et
668 1100 793 1186 Gierig.
819 1104 858 1165 sd
881 1101 966 1167 Plin.
991 1103 1154 1189 Panegyr.
1175 1125 1206 1166 c.
1223 1103 1275 1167 3⁵.
1319 1103 1411 1169 Deli

79 1194 191 1259 littera
217 1195 249 1258 in
279 1216 361 1260 voce
387 1195 563 1259 columnia
587 1195 650 1258 rid.
680 1195 978 1259 Forcellini.Tbes.
1002 1217 1031 1261 s.
1054 1197 1088 1260 b.
1113 1219 1147 1260 v.
1170 1195 1231 1276 lb]
1275 1194 1410 1261 Frustra

82 1292 122 1352 ad
138 1287 287 1355 Paullum
303 1302 463 1371 provocat
479 1287 628 1355 Vossius.
671 1288 760 1352 Nihil
776 1292 815 1353 de
831 1289 933 1352 litters
950 1290 1035 1353 dicit.
1080 1291 1155 1354 Hoc
1169 1309 1295 1372 poenae
1309 1312 1411 1376 genus

82 1384 211 1447 stistidit
239 1382 354 1446 deinde
383 1381 611 1447 Constantinus
641 1382 692 1448 M.
722 1382 799 1447 Vid.
822 1383 974 1446 Menard.
998 1385 1037 1446 ad
1059 1381 1132 1448 Cic.
1155 1383 1180 1448 l.
1203 1405 1233 1447 e.
1279 1382 1413 1467 [Quem-

84 1498 180 1562 quam
195 1497 214 1541 e
228 1476 325 1542 Plinii
349 1477 370 1540 l.
394 1478 417 1540 l.
441 1478 609 1561 probabile
631 1481 689 1553 sit,
711 1475 771 1539 iam
795 1488 866 1541 aute
888 1499 958 1541 eum
980 1475 1193 1541 intermissum
1216 1477 1328 1544 fuisse.
1350 1480 1411 1565 lb]

85 1572 186 1634 Exin
207 1572 438 1636 Breucmonni
459 1571 598 1635 eruditus
621 1571 659 1632 de
682 1571 743 1634 bac
764 1569 835 1656 lege
857 1570 995 1636 libellus.
1028 1572 1114 1636 Enii.

287 1748 340 1813 Dn
362 1750 588 1814 Rererunois.
631 1746 710 1814 Vid.
731 1747 783 1813 De
804 1748 965 1814 Pronurus
987 1750 1213 1815 Reseruunis.

576 1919 704 1982 Roscia
726 1918 916 1983 theatralis.

169 2044 241 2123 „L.
264 2040 411 2105 Roscius
433 2040 578 2103 tribunus
600 2041 702 2124 plebis
725 2045 770 2119 (a.
794 2062 826 2104 u.
850 2062 880 2104 c.
905 2040 991 2120 686.)
1012 2042 1115 2126 legem
1144 2040 1232 2120 tulit,
1262 2032 1297 2106 ut
1322 2044 1411 2128 equi·

79 2135 167 2198 tibur
191 2133 346 2198 Romanis
368 2133 398 2196 in
420 2136 548 2198 theatro
572 2135 822 2219 qriattnordecim
844 2138 962 2219 gradus
983 2135 1120 2218 proximi
1136 2135 1410 2221 assignarentur.”

81 2228 160 2293 Lis.
185 2227 275 2311 Epit.
298 2225 432 2292 XCIX.
455 2264 496 2276 —
520 2229 704 2310 „Rosciam
727 2229 841 2312 (legem
865 2229 969 2311 plebs)
990 2250 1055 2293 non
1075 2233 1170 2293 niodo
1190 2229 1331 2312 accepit,
1356 2231 1411 2294 sed

81 2324 175 2385 etiam
199 2321 411 2406 efflagitavit]
458 2327 497 2386 L.
527 2323 673 2387 Roscius
702 2324 793 2388 Otlro
823 2322 951 2386 biennio
980 2334 1051 2385 ante
1080 2327 1187 2404 (quam
1214 2322 1320 2387 oratio
1348 2346 1411 2406 pro

83 2416 242 2482 Cornelio
265 2417 455 2495 habebatur)
478 2417 695 2490 confirmavit,
720 2417 751 2478 in
774 2416 898 2481 theatro
919 2428 952 2477 ut
966 2415 1126 2499 equitibus
1147 2417 1301 2480 Romanis
1320 2429 1412 2500 quat·

83 2511 263 2576 tuordecim
293 2511 419 2573 ordines
449 2511 608 2593 spectandi
637 2511 738 2595 gratia
768 2509 952 2573 darentur.’'
997 2512 1122 2574 Aaron.
1150 2510 1181 2572 in
1211 2507 1345 2575 Cornel.
1375 2531 1409 2591 p.

85 2604 126 2668 78
147 2625 201 2697 qq.
223 2639 264 2651 -
288 2606 399 2677 ,Otho
421 2604 566 2669 Roscius
589 2604 660 2684 lege
680 2625 734 2666 sua
758 2603 918 2689 equitibus
939 2603 969 2665 in
992 2605 1120 2667 tbestro
1143 2603 1213 2666 locs
1236 2601 1412 2667 restitnit.''

84 2699 205 2764 Vellei.
230 2698 278 2762 11.
301 2700 360 2773 ut,
383 2699 417 2762 3.
441 2734 481 2745 -
505 2696 604 2762 Conl.
629 2698 694 2762 Dio
718 2695 811 2761 Cass.
835 2697 1006 2761 xxxvl.
1030 2697 1083 2761 25.

173 2791 281 2865 ,Illud
302 2791 451 2855 arrdaciae
470 2803 558 2868 triae,
583 2794 669 2877 quod
685 2791 792 2854 aedisti
813 2790 842 2853 in
865 2791 1117 2875 quattuordecim
1133 2789 1316 2866 ordinibus,
1340 2813 1410 2857 cum

86 2897 172 2950 esset
193 2886 266 2972 lege
288 2886 414 2951 Roscia
436 2886 662 2950 decoctoribus
687 2898 792 2948 certus
818 2885 909 2950 locus
934 2885 1142 2960 constitutus,
1167 2884 1312 2969 quamvis
1339 2885 1412 2972 quis

84 2981 236 3046 fortunae
261 3002 336 3044 snae
360 2981 451 3056 vitio,
476 3002 538 3044 non
561 3002 638 3056 suo,
662 2979 878 3043 decoxisset.''
921 2978 1065 3061 Philipp.
1089 2979 1137 3042 ll.
1162 2979 1218 3055 18,
1243 2983 1297 3045 tt.

171 3078 235 3148 ,L.
259 3077 350 3139 Otlro
372 3075 511 3159 equestri
532 3075 635 3136 ordini
658 3072 797 3136 restituit
818 3095 881 3136 non
900 3073 1002 3136 solnm
1021 3072 1223 3158 dignitatem,
1247 3076 1410 3140 sedetiam

83 3169 299 3251 voluptatem.
350 3170 462 3251 ltaque
496 3169 546 3231 lex
576 3170 671 3240 haec,
704 3189 786 3250 quae
815 3172 854 3229 ad
883 3166 974 3231 ludos
1003 3168 1158 3250 pertinet,
1190 3180 1239 3231 cst
1271 3170 1410 3235 omnium

85 3263 280 3347 gratissima,
316 3265 402 3346 quod
433 3261 656 3325 honestissimo
693 3261 796 3324 ordini
825 3281 894 3323 cum
926 3259 1097 3343 splendore
1129 3259 1253 3326 lructus
1280 3285 1410 3350 quoque

84 3357 290 3420 iucunditatis
313 3369 359 3418 est
381 3355 578 3419 restitutus.'’
624 3377 685 3436 pro
708 3356 846 3418 Murrena
871 3355 927 3430 19,
952 3357 1005 3416 dl).

174 3450 341 3526 „Rosciae
357 3452 438 3534 legi,
456 3450 549 3512 etiam
566 3449 807 3524 frumentariae,
827 3448 1083 3513 minitabantur.”
1107 3452 1145 3513 ad
1160 3452 1229 3513 Au.
1246 3448 1290 3516 ll.
1308 3451 1360 3527 19,
1376 3449 1409 3514 d.

173 3546 221 3608 Ea
244 3545 396 3607 sancitum
420 3557 482 3620 est,
505 3565 543 3605 ne
566 3544 634 3626 quis
656 3544 685 3605 in
709 3543 964 3627 quattuordecim
986 3542 1136 3626 gradibus
1155 3543 1354 3618 orchestrae,
1379 3542 1410 3613 io

89 3661 151 3725 qua
184 3651 349 3702 senatores
378 3640 543 3713 sedebant,
579 3637 731 3719 proximis
761 3640 904 3711 sederet,
940 3637 998 3700 nisi
1021 3637 1076 3720 qui
1099 3658 1195 3721 eques
1218 3646 1251 3700 et
1273 3634 1412 3721 equestri

89 3757 187 3798 censu
219 3746 312 3796 esset.
357 3733 469 3816 ltaque
497 3733 521 3794 si
551 3733 620 3816 quis
650 3753 778 3794 censum
806 3731 986 3794 decoxisset
1010 3752 1125 3815 eques,
1161 3750 1224 3794 non
1247 3730 1359 3791 licebat
1382 3728 1411 3792 ei

88 3829 172 3893 inter
187 3828 308 3913 equites
324 3830 445 3890 sedere.
491 3825 559 3892 Cic.
577 3825 663 3890 Phil.
681 3825 728 3888 11.
747 3825 798 3887 18.
844 3827 923 3887 Nem
942 3826 1167 3888 decoctoribus
1186 3823 1411 3905 cuiuscumque

89 3921 230 3997 ordinis,
255 3932 290 3983 ut
313 3941 350 3984 ex
378 3924 487 3985 eodem
510 3922 582 4009 loco
606 3928 748 3994 constat,
781 3929 887 3981 certus
911 3920 1001 3983 locus
1028 3916 1205 4001 assignatus
1231 3915 1263 3980 io
1284 3917 1411 3979 theatro

86 4030 175 4093 erat,
200 4038 303 4102 neque
321 4018 423 4080 solunt
440 4016 503 4091 his,
529 4014 582 4098 qui
597 4035 673 4088 suo,
690 4011 854 4076 sedetiam
871 4013 925 4097 qui
939 4013 1086 4076 fortunae
1102 4010 1182 4075 vitio
1198 4007 1411 4074 decoxissent.

85 4112 123 4177 ln
147 4114 210 4179 Or.
232 4132 295 4194 pro
317 4112 449 4176 Muren.
474 4133 503 4173 c.
529 4110 580 4172 19.
604 4108 653 4171 bis
677 4105 791 4169 dicitur
812 4107 864 4169 lex
889 4108 968 4170 baec
990 4104 1149 4189 equitibus
1174 4103 1356 4187 dignitatem
1379 4112 1412 4165 et

84 4208 283 4288 rolirptatem
307 4207 517 4269 restituisse:
546 4225 610 4286 quo
638 4202 740 4265 verbo
773 4201 873 4262 utitur
900 4200 990 4263 etiam
1022 4197 1165 4261 Velleius
1189 4196 1234 4262 ll.
1259 4197 1311 4262 32.
1340 4196 1410 4275 (ubi

85 4302 147 4367 rid.
172 4300 264 4377 lott.)
309 4302 360 4363 Ex
378 4321 443 4383 quo
459 4298 611 4380 colligere
629 4296 718 4369 licet,
744 4294 865 4378 equites
884 4293 943 4356 iarn
960 4291 1194 4374 antiquioribus
1212 4291 1410 4373 temporibus

84 4393 252 4478 seperatim
282 4415 298 4456 a
324 4395 417 4476 plebe
444 4395 583 4456 sedisse:
618 4388 676 4451 nisi
706 4387 777 4472 quis
807 4388 884 4451 velit
905 4387 1086 4450 restituere
1107 4384 1286 4469 intelligere
1308 4407 1411 4468 pros·

84 4503 194 4565 stare,
228 4500 261 4550 ut
290 4510 385 4570 saepe
415 4501 461 4551 est
489 4487 519 4551 in
543 4485 680 4570 legibus.
726 4483 801 4546 Vid.
825 4482 935 4546 Gloss.
960 4479 1089 4543 Nomio.
1115 4477 1200 4544 Cod.
1225 4480 1354 4544 Theod.
1377 4478 1409 4544 in

86 4587 118 4649 b.
142 4608 177 4648 v.
224 4583 376 4649 Ceterum
399 4604 477 4667 quas
501 4581 611 4643 turbas
639 4580 716 4641 baec
743 4577 794 4639 lex
822 4576 952 4638 consule
979 4572 1139 4638 Cicerone
1167 4571 1306 4651 dederit,
1337 4596 1408 4641 cum

86 4681 174 4765 plebi
196 4679 228 4743 in
249 4692 381 4743 mentem
402 4677 555 4751 venisset,
580 4672 642 4737 sibi
662 4692 728 4735 eam
748 4671 850 4756 legem
873 4667 1065 4754 ignominiae
1083 4690 1170 4745 esse,
1195 4681 1227 4732 et
1245 4671 1409 4755 quomodo

90 4796 145 4842 eae
167 4796 185 4840 a
206 4772 366 4841 Cicerone
383 4771 529 4836 oratione
549 4769 668 4855 aliqua,
690 4787 771 4853 quse
794 4761 953 4829 intercidit
974 4764 1027 4842 (ad
1045 4761 1147 4828 Attio.
1169 4762 1216 4829 Il.
1239 4766 1298 4845 1.),
1321 4783 1410 4829 com-
