3202 5318
139 343 281 427 ιο,Ι
724 335 875 402 mm

140 495 188 549 est
215 493 304 547 ortus
336 501 533 567 occasusque
554 479 691 543 siderum
716 501 778 543 ιιοιι
801 477 872 541 lleri
894 480 1007 543 eodem
1030 490 1176 562 tempore
1197 481 1282 562 apud
1303 479 1459 544 οιιιιιτι.”

137 562 549 652 αΜωαα

220 672 342 759 Ορμή,
358 673 524 754 impetus,
546 669 733 754 adpetitus.
779 671 856 750 „Te
878 680 957 750 puto
980 668 1040 731 iarn
1065 667 1194 744 videre,
1218 690 1299 753 qnae
1313 668 1392 733 ait·
1373 674 1461 760 ορμῆ

139 765 327 832 Caesaris.'
371 769 411 828 ad
434 766 507 828 Att.
531 764 615 828 v11.
639 766 692 826 11.
717 765 809 827 5.-
853 763 1071 844 „Namliter
1093 763 1247 847 appetitio
1269 765 1461 840 (ermenius

139 884 207 926 esse
240 862 388 925 volumus
419 860 553 947 ὁρμήν),
576 880 638 942 qua
667 860 706 919 ad
736 859 891 940 agendum
919 857 1111 939 impellimur
1141 871 1173 924 et
1200 858 1232 922 id
1258 859 1460 942 appetimus,

139 960 227 1042 qnod
249 968 295 1020 est
319 955 436 1032 visum,
461 952 586 1017 moveri
609 973 673 1015 ιιοιι
696 951 840 1034 potest.‘'
885 953 989 1015 Acar.
1014 954 1063 1016 Il.
1087 955 1128 1030 8,
1161 957 1215 1022 tt.
1238 990 1280 1003 -
1325 958 1464 1040 „Appe-

139 1052 211 1117 titio
234 1050 350 1126 animi,
382 1069 464 1134 quae
486 1049 572 1135 ὁρμὴ
593 1048 721 1112 Graece
743 1057 895 1120 vocatur,
927 1066 989 1109 non
1013 1049 1053 1109 ad
1075 1052 1210 1133 quodvis
1234 1074 1334 1138 genus
1356 1053 1462 1132 vitat,

139 1149 195 1209 sed
218 1147 257 1207 ad
280 1146 434 1229 quandam
457 1142 593 1207 formam
617 1140 745 1204 vivendi
768 1141 893 1203 videtur
915 1140 1026 1203 data.‘'
1050 1144 1325 1223 deFinn.111.7‚
1343 1147 1399 1211 23.
1421 1179 1463 1192 -

54 1230 59 1250 ’
141 1241 352 1323 „Naturnem
369 1236 613 1321 appetitionem,
639 1257 731 1319 quarn
754 1244 871 1298 vocant
886 1236 1000 1321 ὁρμήν,
1023 1234 1162 1322 itemque
1177 1239 1339 1318 offlelottr,
1361 1241 1463 1326 ipsam

142 1334 235 1398 etiam
266 1332 416 1396 virtutem
448 1332 561 1397 volrsnt
591 1351 659 1392 esse
689 1351 795 1392 earum
825 1350 960 1404 rerum,
999 1350 1081 1414 quae
1113 1335 1286 1398 secundnm
1320 1348 1464 1402 naturam

142 1426 257 1493 sunt.''
303 1429 340 1489 de
363 1426 457 1490 Finn.
478 1425 540 1491 lv.
563 1426 621 1500 14,
651 1425 704 1489 39.
727 1459 767 1471 -
812 1422 989 1505 „Constitit
1010 1437 1112 1489 antem
1135 1427 1206 1491 lere
1226 1429 1311 1493 inter
1332 1449 1461 1510 omnes,

141 1524 191 1598 id,
216 1521 247 1584 in
280 1542 346 1605 quo
373 1518 539 1602 prudentia
560 1530 743 1583 versaretur
766 1530 797 1581 et
818 1520 907 1603 quod
929 1519 1058 1602 assequi
1081 1521 1193 1597 vellet,
1224 1534 1332 1605 aptum
1355 1539 1388 1591 et
1414 1528 1470 1591 re·e

141 1616 379 1681 commodatum
391 1625 522 1677 naturae
535 1633 604 1677 esse
620 1624 775 1696 oportere
798 1623 829 1676 et
850 1614 924 1690 tale,
949 1624 984 1676 ιιι
1005 1614 1106 1695 ipsum
1129 1636 1188 1697 per
1210 1637 1244 1680 se
1266 1619 1426 1687 invitaret
1433 1633 1466 1687 et

143 1713 286 1776 alliceret
307 1708 482 1792 appetitum
505 1706 614 1785 animi,
644 1729 736 1791 quem
765 1709 872 1819 ὁρμήν
894 1709 1011 1771 Graeci
1034 1713 1191 1774 τοιτιιιι.η
1231 1714 1273 1775 de
1296 1712 1406 1779 Finn.
1417 1716 1464 1781 V.

141 1808 336 1881 6,17.-
389 1802 458 1877 „Ut
488 1816 611 1866 ceterae
640 1790 775 1865 naturae'
797 1802 863 1865 suis
891 1803 1063 1866 semitribus
1093 1825 1237 1891 quaeque
1266 1806 1463 1891 gignuntur,
1497 1862 1501 1874 .

142 1910 335 1984 attgeseunt,
367 1897 586 1974 eontinentur,
618 1897 663 1960 sie
689 1909 800 1960 natura
827 1897 932 1959 mundi
962 1918 1070 1961 omnes
1099 1911 1203 1962 motus
1231 1900 1329 1964 habet
1351 1903 1467 1968 volun-

140 1995 244 2059 tarios
274 2004 471 2078 conatusque
500 2004 531 2054 et
553 1991 786 2075 appetitiones,
821 2013 900 2074 qrras
923 1992 1030 2078 ὁρμὰς
1053 1992 1169 2056 Graeci
1197 2007 1333 2072 vocant,
1368 1999 1468 2062 ethis

142 2098 373 2153 consentaneas
397 2087 538 2151 actiones
557 2087 603 2149 sie
629 2085 771 2160 adhibet,
796 2097 829 2149 ιιι
851 2085 1069 2169 nosmetipsi,
1095 2086 1150 2171 qui
1168 2087 1278 2152 animis
1299 2106 1466 2156 movemur

143 2195 174 2246 et
196 2181 381 2245 sensibus.”
426 2184 464 2244 de
486 2183 564 2245 Nat.
587 2179 692 2244 Deor.
710 2182 756 2245 ll.
781 2181 837 2257 22,
863 2180 914 2248 58.
935 2215 977 2226 —
1020 2180 1176 2263 „Duplex
1201 2194 1249 2246 est
1271 2182 1323 2245 ‘vis
1345 2183 1468 2251 animo·

142 2300 213 2341 rum
243 2289 338 2360 atque
371 2287 503 2339 natura:
538 2295 600 2338 una
631 2296 707 2356 pars
734 2273 767 2337 in
799 2275 941 2357 appetitu
966 2275 1071 2357 posita
1095 2287 1159 2351 est,
1194 2297 1275 2359 quae
1303 2290 1352 2342 est
1380 2283 1464 2369 ὄρμῆ

143 2373 287 2447 Graece,
312 2392 392 2453 quae
415 2369 573 2432 hominem
596 2370 659 2431 hue
680 2380 712 2432 et
733 2368 810 2432 illue
831 2367 954 2452 rapit.¹'
998 2370 1036 2431 de
1061 2369 1162 2435 offic.
1186 2371 1214 2436 1.
1240 2371 1301 2448 28,
1327 2376 1403 2438 101.
1425 2407 1466 2421 -

143 2464 334 2543 „cohibere
357 2477 461 2529 motus
482 2463 575 2527 animi
598 2465 762 2539 turbatos,
792 2484 874 2547 qrros
898 2463 1016 2527 Graeci
1038 2464 1128 2544 πάθη
1155 2465 1337 2544 nominant,
1369 2490 1467 2551 appe·

142 2562 354 2646 titionesque,
390 2580 469 2644 quas
490 2557 537 2621 illi
558 2559 681 2645 ὁρμάς,
716 2558 901 2623 obedientes
930 2558 1059 2623 efficere
1088 2558 1245 2624 rationi.''
1297 2562 1336 2624 de
1364 2561 1465 2628 offic.

143 2659 192 2722 11.
216 2661 254 2732 5,
279 2656 330 2718 18.

64 2744 69 2753 ’
225 2756 270 2818 ‘0
288 2753 394 2833 σοφὸς
420 2751 720 2837 εὔὸυῤῥημονήσιι,
747 2749 891 2830 Sapiens
910 2748 1013 2812 libare
1028 2752 1199 2833 loquetur.
1220 2751 1358 2822 „Habes
1374 2753 1469 2817 seho-

144 2850 204 2911 lam
229 2847 386 2924 Stoicam,
418 2847 566 2926 ὁσοφὸς
590 2842 906 2929 εὗδυρῥημονήοει.”
961 2846 1000 2904 ad
1024 2845 1114 2907 Fam.
1136 2845 1201 2906 lx.
1226 2844 1287 2917 22,
1320 2846 1352 2907 5.
1404 2845 1469 2909 Alii

145 2944 256 3021 legunt
279 2944 297 3006 ὁ
319 2940 427 3022 σοφὸς
450 2940 664 3026 ιῦθυρῤήμων
681 2939 760 3022 ἔσῃ,
785 2937 923 3019 sapiens
945 2938 1048 3001 libere
1070 2939 1234 3023 loqueris.
1258 2937 1359 3003 Conl.
1383 2962 1411 3004 ιι.
1435 2963 1469 3005 ν.

129 3039 504 3121 ΙΕιῖδυρῥημονέστεοος.

224 3131 301 3195 Ὅτι
324 3130 489 3216 αὐτάρκης
515 3131 534 3207 ’l
559 3126 657 3212 ἀρετή
685 3128 767 3211 πρὸς
788 3131 1010 3211 εὐδαιμονίαν.
1059 3130 1101 3194 In
1125 3150 1193 3213 quo
1213 3127 1324 3192 virtus
1344 3128 1410 3207 sit,
1440 3129 1473 3192 ei

146 3225 231 3288 nihil
252 3225 368 3287 deesse
389 3224 437 3286 ad
458 3225 553 3286 beate
575 3223 767 3284 vivendum.
812 3224 930 3287 Parad.
958 3224 1005 3286 ΙΙ.

222 3319 300 3385 ’Ότι
334 3325 392 3383 ἴσα
423 3318 464 3382 τὰ
493 3317 716 3403 ἁμαρτήματα
747 3327 803 3380 καὶ
828 3317 868 3381 ui
897 3316 1148 3406 κατορθώματα.
1195 3318 1368 3402 Aequalia
1397 3340 1472 3383 eoae

141 3424 284 3496 peecata
304 3424 336 3475 et
362 3424 451 3474 recte
464 3410 586 3502 faeta.
630 3412 748 3474 Parad.
772 3411 838 3475 Ill.

226 3508 303 3572 Ὅτι
334 3507 437 3592 μόνον
469 3506 601 3590 ἀγαθὸν
629 3506 666 3570 τὸ
693 3505 803 3570 καλόν.
859 3507 962 3589 Quod
976 3554 980 3562 .
996 3510 1176 3571 liopertum
1207 3506 1271 3581 sit,
1299 3506 1338 3567 iel
1360 3509 1472 3571 solnm

148 3602 274 3665 bonnm
296 3623 381 3664 esse.
426 3602 543 3665 Parad.
568 3601 598 3662 l.

225 3698 301 3763 Ὅτι
324 3696 424 3780 μόνος
445 3699 464 3762 ὃ
490 3697 596 3777 σοφὸς
618 3696 784 3781 ἐλεύθερος
810 3706 867 3760 καὶ
885 3701 948 3772 ,ταῖς
969 3696 1089 3784 ἄφρων
1113 3701 1235 3774 δοῦλος.
1277 3698 1397 3761 Solum
1416 3716 1472 3760 aa·

143 3793 297 3876 piantem
318 3812 392 3855 esse
415 3790 560 3853 liberum
577 3801 609 3852 et
631 3811 767 3855 omnem
786 3790 930 3853 stultum
954 3813 1100 3855 servum.
1146 3794 1263 3858 Parati.
1287 3790 1335 3852 V.

224 3887 303 3953 Ὅτι
330 3886 430 3970 μόνος
459 3886 478 3950 ὅ
511 3885 618 3966 σοφὸς
646 3885 810 3961 πλούσιος.
864 3888 984 3949 Solum
1005 3887 1194 3970 sapientem
1219 3907 1293 3951 esse
1318 3883 1472 3947 divitem.

149 3983 266 4046 Parad.
289 3982 355 4045 VI.

225 4079 303 4142 ’Ότι
327 4075 442 4150 πάντες
459 4083 493 4140 οἱ
516 4085 619 4155 σοφοὶ
643 4075 826 4156 ἐλεύθεροι,
849 4076 965 4152 πάντες
990 4082 1025 4142 δὲ
1047 4088 1154 4161 μωροὶ
1179 4081 1299 4141 δοῦλοι.
1344 4078 1473 4140 Omnes

149 4171 322 4255 sapientes
345 4170 470 4233 liberos
493 4189 566 4233 esse
585 4180 619 4231 et
640 4171 765 4232 stultos
787 4190 904 4233 omnes
925 4192 1055 4235 servos.
1088 4171 1209 4236 Parad.
1233 4170 1280 4232 V.

223 4267 301 4331 Ὅτι
334 4270 397 4342 ταῖς
423 4262 542 4351 ἄφρων
570 4273 729 4349 μαίνεται.
781 4266 926 4330 Omnem
954 4267 1098 4328 stultum
1126 4265 1293 4329 insanire.
1337 4262 1405 4326 Alii
1427 4265 1474 4327 le·

149 4370 244 4443 gont:
298 4363 375 4426 Ὅτι
411 4359 527 4435 πάντες
563 4366 596 4423 οἱ
630 4369 736 4448 μωροὶ
767 4369 961 4444 μαίνονται,
996 4379 1116 4424 omnes
1149 4361 1275 4424 stultos
1304 4357 1474 4422 insanire·

148 4454 267 4517 Parati.
289 4454 357 4518 lv.

137 4544 140 4549 ¹
233 4551 280 4612 ot
311 4551 375 4635 γὰρ
404 4551 442 4629 δὴ
469 4550 541 4616 τόδε
562 4562 670 4635 μεῖζον
701 4550 756 4616 ἔπι
779 4551 897 4628 κακόν,
930 4572 1038 4635 neque
1064 4549 1156 4614 enim
1185 4552 1250 4613 hoc
1282 4546 1398 4612 maias
1422 4556 1475 4611 att

150 4642 291 4705 malum.
334 4644 686 4722 adan.v11.6,2.
728 4647 780 4709 Ex
804 4645 942 4711 Homeri
966 4647 1085 4724 Odyss.
1107 4673 1151 4729 μ,
1174 4644 1249 4709 209.

235 4736 321 4803 Ου’δέ
346 4762 405 4821 μοι
428 4734 507 4826 ἦτορ
530 4739 715 4825 Ἕμτεδον,
743 4743 814 4807 ἀλλ’
839 4741 1084 4824 ἀλαλύκτημαι,
1113 4761 1221 4826 nepne
1245 4736 1330 4804 milti
1351 4747 1476 4822 poclm
