3202 5318
255 1158 342 1243 Lex
368 1172 502 1257 proprie
525 1171 601 1236 uihil
621 1172 706 1236 aliud
728 1185 776 1237 est
799 1174 858 1241 uisr
849 1173 1043 1266 formula
1060 1173 1229 1259 prussiam
1249 1175 1448 1250 uerborum,
1471 1196 1492 1239 a

170 1267 303 1333 osseo
324 1270 439 1352 λέγειν.
480 1267 564 1330 uam
583 1266 654 1353 quis
676 1270 785 1331 rr‘edat
799 1287 869 1331 esse
884 1288 901 1330 a
916 1264 1078 1351 tigando,
1099 1279 1171 1343 eut,
1194 1279 1230 1331 nt
1243 1266 1364 1333 Cicero
1380 1266 1493 1334 exuti-

173 1373 240 1424 snat
262 1363 302 1424 de
320 1362 435 1447 Legg.
455 1360 486 1424 l.
509 1360 543 1424 6.
566 1360 776 1445 elegendo?
801 1359 1028 1467 ‘anues'r
1019 1358 1169 1425 insuto
1158 1381 1192 1424 ιιι
1214 1360 1319 1424 inultis
1340 1360 1503 1447 loquffl

170 1454 287 1519 formis
317 1455 505 1539 permansit.
554 1458 633 1519 Laoc
660 1452 827 1519 carminis
854 1450 949 1518 esti
1045 1452 1093 1530 la,
1127 1454 1242 1517 rnodm
1270 1450 1397 1531 edicti,
1410 1452 1516 1549 Hei,

133 1590 140 1613 .
172 1548 206 1613 1.
227 1548 283 1611 26.
326 1548 413 1612 Nasu
439 1547 606 1611 carminis
635 1550 788 1624 verbum,
818 1543 941 1633 qrrod'
932 1565 1036 1626 ipsura
1047 1562 1123 1643 pro
1149 1544 1289 1611 lorinula
1317 1538 1545 1627 11661116

171 1640 312 1719 dicitnr,
336 1664 371 1706 r.
387 1662 418 1705 c.
440 1660 503 1723 pro
519 1641 652 1705 Muren.
674 1663 706 1703 c.
722 1640 795 1717 12..
818 1640 852 1703 ln.
875 1639 900 1702 l.
922 1648 971 1701 est
994 1637 1097 1720 ipsum
1109 1638 1205 1723 regis
1227 1636 1520 1729 edictun,;lr1b':

109 1744 123 1783 -¹
170 1737 337 1801 adiectum
354 1737 490 1799 verbnm
510 1734 668 1820 significat
689 1682 858 1801 lormtllarn
880 1732 1072 1813 modumque
1092 1733 1286 1808 verborum
1315 1744 1351 1798 ut
1366 1732 1404 1801 l!
1423 1740 1506 1813 a&

107 1836 141 1909 Γ·
169 1828 247 1897 sicis
268 1818 332 1892 lex
351 1828 519 1891 carminis
539 1839 588 1891 est
609 1830 733 1892 modus.
777 1826 811 1889 Si
832 1828 892 1888 lex
913 1824 1053 1889 esseth.
1080 1825 1103 1891 l.
1125 1825 1278 1901 edictum,
1308 1828 1413 1912 legis
1416 1850 1496 1892 car·

107 1912 140 2011 ζ
129 1930 248 1989 r‘neu
270 1920 440 1985 dicendum
462 1930 551 1996 erat,
575 1941 640 1986 nou
660 1923 720 1985 lex
743 1919 919 1983 carminis.
963 1916 1075 2001 Lego
1089 1918 1308 1984 Manilianas
1325 1922 1498 1987 uenalium

130 2015 428 2121 ιιιιιιὶειιιίοπιιιι
449 2015 488 2077 de
509 2015 603 2079 Orat.
619 2013 650 2078 Ι.
664 2014 721 2077 68.
744 2014 820 2099 quid
833 2022 906 2074 ιιιιιι
923 2009 982 2075 nist
973 2009 1153 2087 farinulae
1168 2032 1186 2075 a
1203 2010 1289 2079 ICto
1303 2026 1491 2121 conceptae,

169 2108 289 2194 quium
320 2106 369 2172 uti
395 2106 429 2171 in
449 2106 588 2171 emendis
607 2104 843 2190 vendendique
859 2106 957 2167 rebus
982 2102 1118 2173 liceret?
1150 2109 1228 2170 Lex
1248 2106 1422 2189 partionis
1442 2108 1497 2171 rel

159 2200 334 2292 foederis
354 2201 405 2263 rel
428 2199 658 2263 iurisiurandi
678 2220 800 2281 porro,
826 2218 907 2281 quae
929 2194 1064 2273 dieitur,
1089 2209 1136 2261 est
1150 2199 1287 2262 formula
1305 2201 1493 2275 verberum,

171 2295 289 2381 quibus
310 2304 467 2377 concepta
486 2293 593 2374 pactio
613 2303 661 2355 est
686 2294 741 2355 art
760 2292 875 2357 foedus
893 2302 946 2354 aut
967 2290 1196 2357 iusiurandum.
1239 2296 1318 2357 Lex
1337 2292 1497 2359 ameria

172 2388 206 2451 in
225 2384 382 2451 Verrinis
403 2382 1091 2458 ι..ι.ο.1ι.1661666616,υἱεῖ
1115 2382 1278 2473 formula
1303 2374 1496 2462 lordonis,

173 2500 295 2571 expe
310 2500 503 2561 mancepss.
523 2478 710 2559 ”temptor
731 2478 817 2541 aedis
840 2487 1008 2543 exstruere
1022 2488 1056 2541 et
1076 2480 1202 2541 tradere
1221 2479 1329 2542 sedern
1348 2478 1497 2543 debebat.
1517 2472 1547 2553 '¹

174 2572 263 2640 vit
273 2576 390 2655 Leges
413 2568 606 2635 censoriae:
636 2573 716 2633 riade
740 2580 772 2633 et
794 2572 887 2653 leges
910 2569 1133 2657 αιιιιμιιιιιι
1154 2570 1293 2633 aedium
1317 2570 1403 2651 apud
1429 2566 1500 2639 Η·

174 2664 262 2733 aiau
279 2662 649 2729 11.1t.xxxv1.2o.
673 2663 817 2748 autiquae
839 2663 1043 2728 locandar'uru
1066 2665 1188 2743 aedium
1213 2662 1381 2729 formulae.
1423 2662 1501 2747 lpse

177 2758 293 2825 deinde
314 2761 393 2823 Lex
418 2756 539 2822 Verris
560 2755 585 2819 l.
607 2775 637 2819 c.
658 2776 730 2837 cap.
754 2756 811 2820 55:
828 2755 897 2820 init.
926 2766 995 2820 erat
1020 2755 1177 2835 formula,
1209 2778 1290 2840 quae
1318 2756 1501 2823 continebat

176 2854 307 2915 modurn
332 2848 618 2933 condicionesque,
643 2847 758 2931 ostibus
779 2848 882 2913 locari
903 2850 1065 2913 columnas
1087 2850 1236 2925 volebat,
1259 2852 1341 2914 unde
1364 2853 1499 2935 lexpro

175 2942 377 3007 condicione
399 2941 524 3004 dicitur.
569 2942 644 3004 Hoc
666 2963 735 3004 curu
766 2943 930 3007 nonsatis
956 2943 1147 3028 intelligeret
1173 2944 1393 3021 Hotomanus,
1424 2967 1501 3028 per-

174 3057 282 3120 peram
306 3036 435 3118 scripsit
449 3038 489 3097 ad
506 3036 601 3098 Orat.
625 3037 664 3096 de
679 3037 783 3099 Prov.
807 3034 909 3101 Cous.
929 3058 960 3099 c.
984 3039 1044 3101 51:
1070 3041 1145 3101 Lex
1162 3038 1257 3120 apud
1273 3040 1374 3103 ICtos
1395 3059 1498 3122 saepe

172 3154 240 3215 pro
264 3131 427 3214 pactione
453 3139 657 3210 usurpatur.
701 3133 779 3193 Lex
803 3131 964 3212 mancipii
990 3134 1027 3193 de
1054 3132 1115 3196 Or.
1143 3133 1173 3194 l.
1201 3133 1255 3195 39.
1286 3143 1333 3194 est
1359 3130 1500 3195 formerla

176 3222 381 3287 venditionis.
426 3220 509 3285 Cum
539 3241 620 3304 ergo
648 3223 707 3284 lex
720 3220 853 3314 fertur
882 3245 898 3287 a
927 3224 1112 3309 magistratu
1148 3227 1186 3286 ad
1219 3225 1388 3306 populum,
1419 3238 1501 3310 qnae

177 3329 207 3379 et
228 3315 372 3400 rogatio
395 3313 526 3389 dieitur,
551 3335 615 3377 nou
639 3315 692 3390 lit,
717 3319 803 3398 quod
829 3326 959 3398 putant,
983 3317 1038 3398 qui
1063 3316 1327 3397 interpretantur,
1352 3338 1389 3383 es
1411 3318 1501 3385 roird

177 3410 231 3471 ein
253 3412 380 3473 Geretz
402 3408 571 3492 gegeben:
603 3409 657 3469 sed
682 3407 819 3471 formula
843 3409 1034 3491 proponitur
1057 3412 1200 3491 populo,
1231 3432 1292 3494 qua
1317 3432 1368 3474 res
1395 3412 1501 3496 aliqua

180 3503 282 3567 iuberi
296 3501 420 3584 possit:
443 3522 537 3585 qriaru
560 3522 630 3563 ιιιιιι
651 3505 811 3582 approbat
827 3505 982 3585 populus,
1005 3506 1065 3567 lex
1080 3503 1233 3578 iubetur,
1259 3525 1328 3566 cerui
1344 3503 1499 3580 relicitur,

180 3597 383 3681 antiquatur
392 3598 464 3658 lex.
510 3593 701 3683 Huiusmodi
715 3595 884 3659 lot-mulam
900 3595 1001 3661 nostri
1018 3618 1134 3660 vocare
1150 3608 1283 3678 possunt
1298 3596 1396 3659 einen
1411 3600 1501 3661 Vor-

181 3690 301 3773 selrlag
335 3710 385 3753 zu
415 3688 525 3751 ciuem
555 3691 680 3752 Gesetz
705 3688 790 3754 oder·
821 3690 916 3753 siner
946 3690 1190 3773 Venordouug.
1246 3692 1328 3753 Nam
1361 3689 1502 3773 populus

184 3796 335 3869 rogatur,
369 3783 491 3845 velitne
520 3781 676 3845 iubeatne
701 3794 765 3845 cet.
795 3794 864 3857 sut,
897 3793 936 3846 ιι1
963 3782 1042 3845 velit
1069 3784 1196 3848 iubeat.
1242 3786 1349 3868 Leges
1380 3801 1503 3856 omnes,

181 3896 260 3957 quae
280 3877 321 3939 ad
343 3874 394 3939 ius
416 3876 510 3939 civile
532 3886 586 3938 aut
605 3873 765 3956 publicum
792 3874 965 3957 pertinent,
988 3876 1050 3939 dici
1072 3890 1206 3959 possunt
1230 3878 1505 3961 Voreehldgezu

180 3973 367 4035 Geretzenr
388 3969 419 4031 in
436 3968 553 4054 ortibus
574 3980 677 4032 autern
694 3972 732 4032 de
750 3968 883 4053 siugulis
905 3972 1001 4032 rebus
1018 3983 1071 4033 auu
1085 3971 1266 4039 homiuibus
1285 3965 1501 4044 constiltn‘tur,

180 4073 337 4147 tamqnam
365 4064 425 4125 leae
454 4063 497 4126 de
523 4061 685 4127 Cicerone
709 4064 900 4127 reuocando
922 4066 962 4126 ad
989 4065 1060 4130 au.
1081 4064 1146 4129 IV.
1173 4070 1222 4140 l.,
1254 4066 1314 4127 lex
1336 4060 1501 4137 Manilio,

179 4176 237 4240 qne
251 4156 352 4221 suasit
366 4157 489 4238 populo
512 4155 682 4230 Manilius,
706 4167 741 4217 ut
753 4157 940 4238 Pompeium
961 4158 1046 4221 bello
1060 4156 1281 4221 Mithridatico
1296 4154 1499 4237 praeficeret,
1570 4180 1573 4191 ·

180 4270 231 4312 ere
260 4250 410 4331 prolecto
441 4268 506 4314 non
535 4260 607 4311 sunt
637 4252 849 4333 Vorselsld‘ge
870 4273 918 4316 zu
939 4254 1123 4327 Gesetzen,
1159 4254 1215 4313 sed
1237 4271 1284 4314 zu
1306 4249 1401 4313 einer
1430 4251 1504 4312 An·

181 4345 362 4428 ordnung,
393 4366 441 4410 zu
460 4342 570 4408 einem
591 4340 747 4434 Beselile.
792 4346 872 4408 Νιιιι
893 4345 1046 4421 edictum,
1080 4366 1145 4429 quo
1168 4364 1262 4427 reges
1284 4341 1386 4406 nostri
1412 4365 1443 4406 v.
1469 4364 1501 4405 c.

183 4436 405 4519 iaperatorem
427 4439 503 4502 belli
525 4438 742 4509 constituunt,
766 4458 831 4501 non
846 4436 1025 4521 appellatur
1040 4437 1095 4501 ein
1111 4442 1248 4501 Geretz.
1294 4434 1407 4501 Oratio
1422 4456 1504 4522 ergo

185 4527 350 4596 Ciceronis
370 4553 438 4615 pro
458 4534 534 4615 lege
555 4531 707 4597 Manilio
730 4549 792 4594 uon
815 4542 861 4594 est
886 4530 1028 4596 defensio
1055 4542 1109 4593 aut
1137 4533 1243 4595 suasio
1262 4530 1322 4595 des
1342 4533 1505 4596 Gesetzee

186 4623 242 4690 der
262 4626 426 4702 Manilii,
449 4626 495 4689 uti
516 4626 619 4709 volgo
645 4624 911 4709 interpretantur,
934 4626 991 4688 sed
1013 4622 1155 4689 defensio
1179 4625 1239 4689 des
1261 4626 1504 4707 Vorsettages,

187 4715 249 4783 den
284 4720 456 4787 Manilius
488 4722 617 4806 gethan
648 4720 730 4799 leat,
775 4720 814 4783 de
851 4716 1009 4803 Pompeio
1045 4717 1240 4802 imperatore
1272 4719 1508 4785 constituendo.
