3202 5318
74 267 76 270 ’
198 308 262 377 ιιι
682 305 833 373 ιιιιιιιιι
854 304 1037 374 canon.

198 453 290 516 siries
310 452 543 534 pertulerunt,
568 470 645 512 caim
668 471 724 513 res
746 449 883 532 publica
901 472 949 513 ex
969 447 1116 512 luxuria
1137 446 1370 511 conuiuiorum
1389 449 1528 513 maiora

200 568 304 633 qnam
324 545 417 609 credi
439 555 551 626 potest
581 544 788 607 detrimenta
806 555 1002 626 pateretur,
1036 542 1204 628 siquidem
1226 564 1268 606 eo
1285 563 1342 605 res
1363 543 1529 617 redierat,

201 652 239 703 ut
258 641 343 723 gula
365 639 470 701 illecti
490 638 643 722 plerique
663 638 806 721 ingenui
826 639 929 720 pueri
947 637 1152 720 pudicitiam
1167 647 1199 699 et
1215 636 1407 700 libertatem
1427 657 1529 699 snam

201 734 432 797 venditarent:
465 731 619 816 plerique
649 754 696 795 ex
723 731 818 813 plebe
846 735 1005 797 Romana
1029 731 1107 793 uino
1134 731 1265 793 madidi
1290 731 1324 794 in
1352 731 1533 794 comitium

202 828 369 897 uenirent,
401 838 433 888 et
455 825 541 888 ebrii
563 826 604 887 de
631 825 856 909 reipublicae
880 827 990 887 salttte
1016 826 1253 888 consulerent.
1283 825 1362 886 baec
1386 825 1534 887 Sammo-

201 925 302 986 nicus.
347 921 500 986 Fanniae
522 928 626 980 autem
650 920 729 1003 legis
749 920 905 981 seneritas
927 917 957 980 in
980 938 1019 980 ιο
1043 922 1214 1000 superabat
1238 916 1391 982 Orchiam
1416 917 1531 1002 legem,

200 1016 289 1102 quod
311 1014 342 1077 in
370 1014 537 1095 superiore
567 1033 715 1075 utstnerus
742 1014 961 1075 tautummodo
988 1016 1188 1075 coenantium
1215 1013 1428 1077 cohibebatur
1458 1013 1533 1075 licc-

201 1110 320 1192 batspte
349 1109 520 1170 secomlum
552 1127 618 1169 estu
654 1105 824 1187 unicuique
858 1109 939 1169 bona
973 1127 1027 1169 sua
1062 1107 1144 1169 inter
1176 1127 1296 1188 paucos
1328 1125 1532 1171 consumere.

200 1202 333 1271 'annia
355 1215 458 1264 antero
481 1201 659 1282 sumptibus
682 1201 807 1262 tnodtuu
831 1200 905 1263 iecit
928 1202 1050 1263 assibus
1071 1212 1211 1264 centrum.
1256 1200 1349 1266 Unde
1367 1219 1386 1260 a
1403 1197 1533 1264 Lucilio

200 1299 299 1385 polita
327 1294 507 1358 festivitatis
529 1313 604 1357 suae
631 1314 719 1358 ιιιοιι
741 1295 911 1357 centussis
935 1293 1104 1358 vocatur.''
1148 1294 1302 1358 Macrob.
1325 1294 1460 1358 Satura.
1484 1292 1531 1356 11.

202 1389 253 1455 to.
276 1411 310 1473 p.
334 1389 409 1453 368.

289 1536 304 1564 ,,
318 1483 391 1546 Hoc
414 1483 546 1565 primum
569 1482 652 1563 (scil.
671 1484 802 1568 gallinas
818 1483 978 1568 saginare)
1001 1482 1137 1568 antiquis
1160 1502 1332 1546 coenarum
1353 1478 1530 1545 interdictis

200 1590 369 1659 exceptum
397 1577 524 1640 investio
552 1579 611 1638 iam
635 1577 706 1660 lege
728 1578 767 1642 0.
791 1579 914 1641 Fannii
935 1577 1076 1641 consulis
1098 1577 1163 1641 xl.
1193 1579 1281 1640 aunis
1305 1589 1377 1640 autc
1401 1577 1528 1642 tertium

202 1671 357 1736 Pitnicmn
387 1672 520 1746 bellino,
554 1693 593 1734 ne
615 1671 690 1754 quid
721 1672 852 1734 volucre
882 1682 1057 1752 poneretur
1083 1684 1212 1753 praeter
1241 1692 1334 1734 tinam
1364 1670 1525 1757 gallinam,

201 1785 284 1848 qttae
310 1788 372 1828 non
395 1779 478 1829 esset
502 1766 613 1828 altilis:
645 1768 733 1848 quod
759 1766 870 1828 deinde
891 1776 988 1848 capnt
1009 1767 1195 1831 translatum
1218 1787 1279 1849 per
1303 1786 1414 1830 omncs
1438 1766 1528 1851 leges

200 1863 438 1943 (stttnptnarias)
454 1859 668 1923 ambulavit?
713 1859 800 1924 Plio.
825 1861 868 1923 H.
892 1861 936 1923 N.
960 1861 1006 1923 X.
1030 1863 1083 1926 5⁰.

286 1952 426 2023 Ἕκιλιυε
452 1952 483 2022 b'
508 1952 526 2021 ὁ
551 1956 768 2035 (Ψαννὶοι)
784 1951 891 2065 nopae
918 1956 1017 2041 τριῶν
1041 1984 1064 2041 μ
1068 1964 1102 2023 lu
1126 1957 1278 2034 πλείονας
1297 1957 1362 2022 τῶν
1390 1954 1449 2038 ἔξω
1471 1954 1531 2039 stin

176 2044 306 2128 »οἰκίας
329 2049 374 2137 μὴ
399 2047 656 2208 ιἰιιοι3“ι’χισι3αι,ὁ
664 2046 750 2114 κατὰ
774 2044 900 2135 ἀγορὰν
921 2053 956 2113 δι’
983 2049 1046 2114 τῶν
1067 2053 1175 2116 πέντε.
1197 2051 1296 2116 τοῦτο
1318 2053 1353 2116 δὲ
1376 2054 1447 2137 τρὶς
1473 2049 1536 2115 toi

197 2143 300 2232 μηνὸς
314 2147 451 2229 iptnsso.
474 2140 656 2235 itponsino
651 2145 838 2220 ’ὲιιλείιινος
862 2142 923 2208 τῶν
946 2145 1038 2208 δυοῖν
1060 2144 1214 2233 ὃραχμωιι
1233 2149 1288 2210 καὶ
1309 2138 1447 2230 ὴιιὶσους
1471 2140 1531 2209 οὐκ

199 2240 364 2328 inrepens.
395 2242 495 2326 κρέως
520 2242 555 2304 δὲ
582 2237 762 2304 cunctatori
791 2238 1018 2302 πενιικαιὸικα
1046 2235 1194 2304 τάλαντα
1222 2236 1375 2328 δαπανᾶν
1400 2233 1446 2314 εἰς
1473 2234 1531 2304 τὸν

199 2331 390 2408 inenorbn
374 2329 540 2420 επιχώριι,
574 2325 668 2398 καὶ
659 2323 722 2396 tion
751 2331 795 2416 γῆ
820 2335 913 2420 φέρει
945 2326 1074 2418 λάχανα
1096 2337 1152 2397 καὶ
1183 2327 1327 2422 ὀσπρέων
1355 2327 1528 2420 ἑψήματα.

198 2429 320 2495 Athen.
343 2428 409 2493 Vt.
435 2427 505 2493 108.

284 2522 471 2606 „Cincius'
463 2543 495 2584 m
518 2520 665 2586 scissione
685 2518 767 2606 legis
787 2518 938 2584 Fanniae
962 2519 1081 2582 obiecit
1102 2521 1212 2585 seculo
1236 2540 1312 2596 suo,
1336 2521 1424 2604 qum
1448 2539 1529 2602 pot·-

198 2638 269 2681 enm
284 2575 468 2705 ”··trnianum
493 2615 606 2679 anensis
626 2615 781 2678 inierant.
805 2635 898 2698 qtiem
923 2612 967 2675 illi
987 2613 1104 2679 ideo
1080 2636 1125 2678 stc
1147 2616 1322 2690 vocabant,
1347 2612 1528 2699 quasialiis

95 2775 97 2783 ,
196 2711 328 2777 inclusis
357 2712 542 2774 animalibus
565 2711 753 2795 gravidum,
780 2720 814 2771 ut
842 2709 894 2770 ille
916 2710 1077 2774 ”liniacus
1101 2728 1199 2794 equus
1220 2710 1373 2793 gravidus
1400 2708 1527 2773 armatis

197 2803 294 2870 tuit.·’
338 2804 493 2868 Macrob.
517 2806 648 2868 Satura.
672 2804 721 2868 11.
745 2805 777 2868 9.
801 2826 835 2884 p.
859 2804 933 2867 356.

284 2897 349 2973 „C.
375 2900 480 2962 Titius
504 2899 555 2961 vir
578 2898 690 2962 aetatis
707 2897 891 2960 Lucilianae
914 2896 1060 2963 oratione
1082 2898 1185 2983 legem
1208 2897 1374 2962 Fanniam
1395 2896 1528 2964 suasit.’'

199 2993 351 3059 Macrob.
374 2993 573 3057 saturali.
599 2992 651 3057 13.
675 3015 710 3076 p.
734 2990 809 3054 366.

326 3134 334 3152 ’
357 3151 471 3232 ‚Dima
493 3151 727 3236 sumptuaria.

289 3274 465 3357 „Fanniam
496 3275 598 3359 legem
624 3286 699 3358 post
727 3296 825 3338 annos
853 3277 960 3337 decem
989 3286 1021 3338 ιι
1051 3287 1126 3340 octo
1150 3279 1203 3339 lex
1226 3274 1334 3341 Didia
1357 3287 1528 3340 consectata

199 3380 246 3436 sat
267 3372 310 3450 (a.
336 3390 369 3432 ιι.
394 3368 502 3448 oto).
524 3371 591 3432 eius
614 3369 764 3433 ferendae
789 3369 905 3452 duplex
929 3390 1024 3432 causa
1050 3371 1127 3433 inita
1162 3369 1316 3452 primast
1340 3371 1526 3453 potissima,

200 3477 235 3529 ut
263 3463 409 3527 ttuisecsa
441 3462 532 3524 Italia
564 3484 626 3526 nnn
657 3463 726 3524 sola
756 3465 831 3525 orbs
859 3463 931 3547 lege
960 3464 1154 3546 sumptuaria
1184 3474 1366 3540 teneretur,
1409 3462 1528 3529 Italicis

200 3556 439 3624 aestimantibus
456 3556 607 3619 Fanniam
628 3557 731 3640 legem
751 3555 864 3620 nonin
885 3578 935 3633 se,
960 3561 1015 3620 ssd
1032 3559 1063 3621 in
1078 3558 1167 3621 solos
1186 3562 1325 3623 urbanos
1348 3559 1437 3624 cives
1459 3580 1528 3624 esse

200 3651 431 3734 conscriptam.
456 3649 582 3726 deinde,
607 3662 640 3712 ut
662 3671 726 3714 non
752 3651 812 3714 soli
838 3650 894 3736 qui
920 3654 1051 3733 prandia
1074 3674 1234 3718 coenasse
1260 3653 1381 3717 maiore
1400 3665 1528 3736 nunptn

199 3746 365 3821 iecissent,
389 3744 553 3833 sedetiam
570 3744 624 3828 qtri
638 3747 677 3808 ad
693 3766 746 3808 eas
762 3745 896 3809 vocitati
916 3759 1021 3810 essent
1039 3759 1133 3832 stum
1149 3746 1279 3811 omnino
1293 3745 1523 3824 interfuissent.

199 3842 312 3930 punis
333 3839 415 3925 legis
437 3838 653 3904 tenerenttu.''
696 3840 851 3904 Macrob.
873 3841 1004 3905 Satura.
1027 3842 1075 3906 11.
1101 3843 1153 3907 tt.
1176 3865 1211 3927 p.
1234 3841 1308 3906 368.

368 4002 510 4065 Lectum
530 3999 763 4084 sumptuaria.

289 4127 386 4201 „Lex
413 4123 526 4187 deinde
555 4121 692 4186 Licinia
712 4134 827 4208 rogata
850 4135 916 4199 est;
951 4146 1031 4210 qttac
1057 4147 1127 4189 cum
1155 4123 1250 4188 cet-tis
1276 4123 1405 4203 liebus,
1439 4126 1532 4190 siettti

202 4220 342 4297 Fannia,
376 4230 529 4283 centenos
555 4217 635 4281 aeris
661 4217 799 4301 impendi
820 4220 1033 4303 permisisset,
1067 4220 1184 4305 nuptiis
1211 4222 1352 4284 ducenos
1383 4219 1530 4297 indulsit,

203 4315 381 4399 ceterisque
404 4314 513 4383 diebus
534 4312 644 4376 statuit
667 4313 750 4377 aeris
777 4315 935 4389 tricenam
970 4337 1040 4378 ιιιιιι
1068 4328 1100 4378 ιι
1121 4316 1226 4379 carnis
1248 4315 1355 4378 aridae
1379 4327 1411 4378 et
1431 4316 1533 4381 salsa·

202 4411 301 4473 menti
329 4421 416 4473 certa
444 4408 590 4491 pondera
612 4406 643 4470 in
668 4407 814 4492 singulos
838 4409 905 4472 dics
927 4409 1148 4473 constituerit:
1183 4410 1240 4472 sed
1265 4407 1422 4493 quidquid
1449 4420 1535 4474 esset

202 4512 309 4566 natum
338 4524 356 4565 e
387 4513 491 4578 terra,
520 4503 604 4578 vite,
636 4505 771 4579 arbore,
805 4503 987 4584 promiscue
1016 4515 1113 4588 atque
1136 4502 1297 4568 indefinite
1324 4500 1441 4586 largita
1471 4515 1532 4566 est.

202 4594 308 4659 Huius
322 4594 405 4680 legis
423 4594 562 4659 Laevius
580 4598 679 4678 po'e'ta
695 4597 834 4661 meminit
850 4597 883 4662 in
902 4596 1164 4682 Erotopaegniis.
1192 4595 1305 4661 Verba
1322 4596 1438 4660 Laevii
1452 4596 1533 4661 bace

200 4699 291 4765 stant,
315 4689 430 4774 quibus
451 4688 609 4774 significat
629 4691 787 4768 hoedum,
812 4715 866 4779 qm
856 4693 923 4756 ad
944 4693 1055 4778 epulas
1071 4690 1179 4754 toccu
1199 4690 1330 4769 allatus,
1354 4689 1531 4767 dimissum,

200 4796 396 4868 mensamque
416 4781 479 4859 ita,
502 4792 538 4847 ut
557 4782 612 4849 lex
625 4774 763 4850 Licinia
776 4786 954 4866 sanxisset,
976 4785 1083 4872 pomis
1097 4783 1328 4872 oleribusque
1319 4794 1528 4852 instinctam:
