3202 5318
548 330 714 431 rnpnx
714 306 925 406 ιΕιιιιι..
1130 416 1135 427 ,
1318 296 1400 406 ιιι

69 466 174 565 nsque
197 477 339 563 cogebat
360 477 633 561 tenebatrnqne”
611 500 650 543 us
675 477 833 587 uginus,
847 498 930 587 quae
950 476 1089 565 propius
1107 482 1163 546 ιιι·
1168 496 1240 547 enm
1258 440 1412 567 penius-¹
1533 550 1536 555 ,

65 574 160 659 hant.
203 574 287 637 Turn
314 570 370 637 lex
394 572 564 638 constituta
592 584 640 636 est
662 572 786 650 deins,
816 573 872 663 qni
896 572 1014 639 indicia
1037 588 1245 653 exercerent,
1265 596 1340 642 rso-n
1361 578 1409 643 de·
1511 588 1545 669 ‘-

69 678 195 733 senatn.
239 666 393 753 Denique
414 666 643 751 comprehensa
667 677 717 732 est
737 668 810 755 lege
830 662 999 745 indicatio,
1022 688 1087 733 non
1112 670 1286 737 damnatio.
1328 672 1403 737 Nec

65 762 167 839 enirn,
191 760 248 826 nbi
267 762 425 847 decapite
440 762 672 844 quaerebatur,
695 760 820 829 idcirco
838 760 1020 828 necessario
1040 762 1194 843 damnatis
1212 763 1275 830 rita
1289 776 1403 851 erepte

62 870 129 937 ιιι,
153 857 259 941 patuit
277 855 371 921 etiam
390 855 532 920 exilium.
577 854 669 939 Quae
692 877 763 919 cum
785 855 828 919 ita
854 855 934 933 sint,
958 856 1046 921 clare
1068 855 1279 945 intelligitur,
1304 882 1401 945 quarn

60 949 178 1021 breite
193 950 311 1016 mentio
326 948 407 1035 legis
427 949 459 1015 in
474 950 622 1015 oratione
638 948 825 1017 Catilinaria
841 949 928 1015 iacta
945 948 1001 1016 sit.
1023 952 1120 1015 'Nam
1134 963 1190 1016 ιιιι
1204 955 1245 1018 ad
1264 950 1402 1021 Cicero·
1431 978 1437 985 ·
1549 970 1553 981 '

60 1040 135 1113 iren
158 1042 311 1129 pertinuit
332 1054 386 1108 aut
407 1046 447 1107 nd
468 1044 644 1121 nerninem,
668 1062 750 1131 ergo
771 1044 861 1109 nullo
884 1056 980 1128 pacto
1006 1046 1047 1109 ιι
1070 1042 1263 1127 Caesarem
1285 1046 1400 1117 deisitle

62 1139 279 1207 consultatum
296 1149 346 1204 est
359 1136 393 1204 in
407 1150 518 1203 senatu
533 1139 572 1203 de
583 1138 778 1215 coniuratis,
802 1159 866 1203 non
888 1150 1035 1204 eoactum
1058 1134 1227 1220 indicium,
1250 1152 1287 1207 ιιι
1303 1163 1403 1228 qnae·

61 1246 207 1303 reretnr.
263 1230 424 1299 Proiecto
455 1233 511 1297 lex
542 1232 708 1316 probibuit
737 1231 911 1311 neminem,
944 1254 984 1298 ne
1015 1232 1048 1298 in
1078 1246 1193 1299 senatn
1223 1235 1403 1321 explicaret

63 1326 267 1397 ιιιιιιιιιιιι.
310 1327 395 1390 Tum
423 1325 591 1392 commissa
612 1348 649 1392 re
670 1326 800 1410 publica
827 1326 1047 1393 consulibus'
1036 1349 1068 1392 us
1093 1340 1219 1412 tempus
1236 1330 1403 1439 abr-ngare
1501 1344 1505 1350 ·

63 1420 316 1509 rideripotest3
336 1432 505 1507 postremo
519 1420 603 1486 ialso
622 1421 818 1509 explicatur,
837 1421 927 1506 quasi
942 1433 1113 1500 caveatur,
1137 1444 1177 1488 ne
1192 1422 1263 1508 qnia
1276 1422 1402 1491 iniussn

65 1514 188 1603 populi
213 1526 318 1581 noste
351 1514 520 1582 afficiatur.
565 1514 663 1599 Quod
687 1516 828 1581 fortasse
858 1514 979 1583 Porcia
1005 1518 1080 1596 lex,
1114 1538 1178 1585 non
1210 1518 1402 1603 Sempronia
1468 1544 1475 1557 ¹

67 1612 176 1677 vetnit
193 1610 274 1691 (rid.
297 1606 373 1679 (iic.¹
394 1630 457 1695 pro
478 1609 597 1675 nanu.
620 1612 653 1674 ι.
697 1609 867 1676 Plutarch.
889 1608 949 1676 rit.
974 1609 1028 1677 Ti.
1049 1612 1245 1679 Gracchic.
1267 1612 1321 1680 20.
1355 1610 1400 1681 C.
1452 1602 1457 1611 ⁴

67 1706 213 1773 Grserb.
239 1726 313 1789 cap.
340 1707 372 1771 ι.
401 1714 485 1770 οιιι.
509 1724 574 1788 pro
599 1705 697 1771 domo
718 1704 779 1783 ³1,
805 1702 894 1769 82.
882 1726 917 1769 ιιι
942 1705 1043 1771 Verr.
1066 1706 1107 1785 5,
1131 1707 1185 1776 ⁶3.
1213 1706 1400 1776 veltres.

66 1802 107 1877 2
94 1798 266 1980 7hiique
289 1895 369 1959 haec
396 1893 471 1959 mibi
492 1893 695 1959 veniebant
684 1916 717 1958 ιιι
740 1906 895 1973 mentem,
929 1918 1011 1983 quse
1038 1896 1169 1963 dicenda
1191 1907 1339 1981 putarem
1360 1900 1402 1965 de

63 1989 140 2076 lege
162 1988 372 2073 Sempronia,
396 1992 436 2054 de
457 2011 519 2074 qua
542 1990 764 2077 longum-est,
789 2010 847 2055 eos
868 1990 1081 2069 convincere,
1104 1990 1160 2078 qni
1183 1989 1301 2057 inducti
1325 2012 1402 2058 ors·
1497 2066 1500 2071 ,

62 2082 155 2151 done
189 2082 376 2150 Catilinaria
411 2105 524 2168 parurn
559 2095 646 2148 recte
677 2082 849 2149 senserint.
912 2084 1069 2150 Veterum
1100 2087 1193 2153 locos
1222 2086 1402 2153 ιιιιιιιιίιιι

64 2177 278 2243 excutiendos
299 2178 452 2263 crineque
478 2177 644 2243 committo
671 2176 845 2242 industriae
874 2178 952 2243 satis
977 2180 1098 2244 helene
1120 2200 1222 2264 panca
1245 2178 1402 2247 addidisse

64 2274 106 2339 de
126 2270 373 2357 interpretibus,
416 2276 466 2359 tic
481 2268 635 2358 Sigonius
656 2271 793 2355 primum
815 2273 868 2353 (de
889 2272 988 2359 antiq.
1012 2271 1076 2341 iur.
1097 2275 1143 2340 R.
1165 2296 1199 2358 p.
1220 2272 1279 2338 8⁰.
1299 2274 1401 2342 Thes.

67 2366 212 2459 Graes.)
243 2367 282 2430 de
309 2367 383 2453 lege
411 2388 474 2431 usa
505 2368 582 2429 daras
612 2365 701 2452 leges
726 2364 822 2443 iecit,
857 2365 971 2431 deinde
1000 2366 1106 2453 legem
1130 2366 1284 2432 Porciam
1310 2364 1400 2435 aC.

66 2454 222 2527 Graccho
236 2461 367 2526 relatur
383 2458 554 2525 coniiciens
569 2480 611 2523 ex
627 2459 829 2525 similitudine
847 2462 1038 2537 verborum,
1063 2480 1144 2547 qnae
1158 2462 1243 2545 apud
1262 2459 1401 2527 Gellium

66 2566 146 2621 ιιιιιι
160 2576 308 2641 quaeque
321 2556 361 2621 ad
376 2555 478 2641 legens
497 2563 654 2619 vestutate
669 2553 922 2620 obsolescentenn
943 2556 1159 2620 renovandam
1177 2544 1302 2621 rettulit
1323 2556 1400 2641 (qna

66 2648 102 2715 in
122 2648 308 2716 coniectura
334 2649 473 2715 fortasse
495 2671 566 2713 eum
591 2646 794 2715 confirmavit
820 2646 989 2714 Ciceronis
1016 2648 1171 2714 sententia
1193 2647 1283 2733 leges
1308 2648 1401 2715 Sem·

67 2744 203 2831 pronias
226 2743 462 2825 memorantis),
494 2765 558 2808 non
590 2743 686 2820 vidit,
722 2744 823 2808 verba
846 2745 1010 2825 pertinere
1036 2744 1077 2808 ιι
1105 2742 1306 2821 suasionem,
1337 2762 1402 2829 qna

67 2839 235 2948 populum
241 2839 409 2904 Gracchus
431 2840 471 2903 ad
485 2837 645 2903 ciritntern
666 2840 799 2903 dandsrn
819 2834 917 2903 sociis
937 2838 1125 2903 cohortatus
1147 2837 1202 2903 sit.
1247 2836 1345 2919 Quod
1364 2858 1401 2903 re

67 2932 137 3017 ipsa
159 2932 365 3017 intelligitur.
410 2934 490 2997 Nam
519 2933 572 2997 lex
597 2931 735 3007 Porcia,
768 2943 923 3018 quatenns
945 2930 1040 2997 hodie
1060 2912 1195 2997 iudiciri
1215 2943 1341 3014 potest,
1355 2930 1401 2997 ni

68 3037 165 3113 atque
186 3039 299 3090 natura
319 3050 376 3091 sua
398 3037 431 3091 et
449 3049 564 3104 causa,
589 3031 628 3091 de
651 3049 713 3112 qua
733 3027 902 3091 constituta
922 3034 987 3103 est,
1011 3027 1190 3112 rebusque,
1214 3047 1292 3111 quas
1312 3026 1402 3091 inbe-

67 3122 124 3185 bat
148 3133 204 3186 ant
225 3124 374 3199 vetabat,
399 3143 516 3207 magno
538 3122 710 3187 intervallo
733 3121 904 3186 dissidebat
925 3142 943 3183 a
965 3119 1038 3207 lege
1059 3119 1269 3205 Sempronia,
1294 3122 1401 3206 enque'

65 3213 121 3279 illa
147 3214 250 3280 minus
272 3216 400 3280 videtur
422 3238 438 3279 a
461 3215 502 3282 C.
524 3218 675 3281 Graccho
697 3215 817 3291 relata,
842 3216 929 3299 quod
954 3213 1007 3278 hic
1029 3226 1141 3280 contra
1167 3215 1210 3279 Ρ.
1236 3214 1401 3299 Popilinnr

65 3308 173 3373 solnrn
195 3309 297 3395 legem
321 3309 406 3374 tulit.
451 3311 500 3374 lta
524 3312 596 3395 lege
619 3310 806 3393 Sempronia
829 3308 913 3391 nihil¹
931 3313 969 3374 de
992 3307 1247 3393 provocatione,
1271 3311 1310 3374 de
1327 3329 1402 3373 rer-

68 3401 223 3481 beribns,
256 3406 295 3469 de
325 3426 402 3469 nece
431 3403 671 3481 continebatur,
707 3407 745 3468 de
776 3403 893 3487 quibus
919 3403 951 3467 in
977 3404 1052 3489 lege
1076 3403 1195 3472 Porcia
1222 3405 1399 3488 agebatur,

70 3517 133 3559 nec
154 3498 260 3580 potnit
282 3498 456 3574 contineri,
482 3520 562 3582 qnae
585 3510 651 3562 tota
674 3500 714 3561 nd
734 3494 848 3562 iudicia
872 3500 1064 3582 pertinebat.
1107 3499 1217 3583 Atque
1239 3498 1320 3562 adeo
1345 3496 1400 3563 itta

69 3590 138 3655 lata
153 3602 200 3655 est
213 3593 250 3657 de
267 3592 521 3680 magistratibus,
546 3594 623 3657 baec
641 3593 672 3656 in
692 3591 878 3656 beneficium
897 3592 1116 3674 privatorum
1140 3591 1191 3655 illa
1207 3601 1401 3676 potestatem

71 3684 314 3771 magistratuum
340 3687 467 3763 minuit,
493 3690 571 3752 haec
596 3685 795 3771 privatorum
824 3685 1004 3751 libertatem
1028 3687 1131 3750 auxit.
1176 3689 1291 3771 Neque
1318 3706 1400 3769 opus

71 3791 123 3844 est
150 3782 305 3865 exemplis
332 3783 397 3847 hoc
422 3781 530 3845 iacere
552 3781 701 3868 longius,
735 3781 810 3865 quia
839 3780 915 3844 satis
941 3781 1098 3845 subtiliter
1127 3780 1211 3844 inter
1233 3792 1400 3865 utramque
1539 3848 1548 3865 ,

69 3872 176 3961 legem
206 3876 412 3965 distinguitur
440 3901 460 3943 ι
488 3874 661 3941 Cicerone.
721 3877 829 3956 erare
860 3896 924 3939 non
958 3874 1084 3939 videtur
1113 3872 1265 3960 Sigonius
1292 3893 1399 3938 reram

69 3967 193 4035 dixisse
214 3971 400 4038 sententiam
423 3972 525 4054 (conl.
550 3970 621 4035 Cic.
645 3973 685 4034 dc
706 3990 777 4054 rep.
801 3970 840 4045 2,
863 3970 916 4035 ιι.
952 3970 1079 4034 Guther
1101 3971 1139 4032 de
1162 3968 1225 4033 iur.
1247 3970 1342 4053 pont.
1365 3967 1398 4047 2,

70 4064 153 4145 ιο.).
199 4062 311 4131 Ceteri
334 4067 566 4131 &rurationem
595 4066 747 4147 putabant
769 4062 905 4150 intelligi
926 4062 958 4127 in
984 4066 1113 4129 eandem
1138 4082 1248 4128 ornnes
1273 4072 1401 4125 sentem

67 4158 145 4222 tiam
167 4159 364 4242 explicantes
381 4173 509 4245 praeter
533 4158 714 4224 Morbium.
759 4159 824 4223 Hic
844 4158 969 4221 ridetur
992 4161 1108 4241 (neque
1131 4178 1210 4221 nero
1232 4157 1295 4221 boc
1316 4152 1398 4231 dixi,

66 4263 104 4317 ut
129 4274 320 4338 arguerem,
351 4260 406 4320 sed
428 4277 486 4331 ne,
521 4266 554 4316 ut
575 4253 629 4328 fit,
659 4253 763 4318 alieno
786 4274 901 4317 errore
924 4254 992 4336 ipse
1015 4252 1186 4336 arguerer)
1205 4250 1237 4314 in
1261 4247 1402 4332 explica·

66 4347 156 4412 tione
179 4349 388 4413 Plutarchum
410 4362 538 4413 secutus
562 4369 625 4411 uon
649 4347 845 4433 intellexisse
866 4347 1010 4429 praecise
1032 4347 1173 4409 locuturo
1193 4366 1296 4430 neque
1319 4343 1401 4411 libe·

66 4464 137 4507 ιιιιιι
162 4463 233 4507 esse
255 4445 295 4507 ab
318 4444 484 4507 erroribus
508 4440 562 4522 (C.
580 4442 722 4505 Gracch.
739 4444 799 4522 l.).
843 4441 1019 4506 Praeterea
1035 4438 1191 4504 ementior
1206 4439 1400 4531 Pergusone

67 4550 100 4605 et
121 4536 357 4623 Regewischio
379 4538 482 4620 legem
508 4535 759 4602 existimantibus
785 4532 949 4623 obliuione
972 4555 1041 4597 esse
1064 4533 1236 4609 abolitam
1260 4532 1292 4597 id
1312 4534 1401 4617 qnod

68 4654 135 4719 ego
157 4632 319 4698 concludo
342 4654 383 4695 cx
403 4631 513 4697 uerbis
537 4629 725 4707 Ciceronis,
756 4651 838 4714 qnae
860 4640 933 4693 sunt
956 4628 987 4692 in
1011 4626 1156 4694 oratione
1177 4648 1241 4713 pro
1264 4624 1400 4695 Rabirio

56 4736 158 4814 ¹(cap.
184 4730 245 4811 lt.);
280 4749 384 4812 neque
413 4749 494 4795 vero
523 4750 594 4792 cum
623 4726 733 4791 iisdem
762 4723 838 4790 viris
868 4722 971 4809 doctis
992 4744 1176 4808 perversam
1198 4724 1429 4809 ineptamqne.

73 4824 223 4893 dixerim
