3202 5318
196 336 259 427 aas
541 384 545 390 .
679 327 1033 416 sunnxnncuu.
1139 372 1144 379 .

196 476 319 546 Crasso
341 489 374 543 et
395 474 458 542 Cn.
483 473 644 556 Pompeio
660 474 786 558 Magno
808 473 994 539 coustrlibus
1014 492 1047 541 s.
1069 493 1103 536 u.
1127 470 1202 536 698.
1225 470 1350 536 tribuit.
1395 471 1442 536 At
1458 473 1522 538 lroc

196 595 307 656 parisus
329 569 497 654 probabile
520 569 662 644 videtur,
687 589 757 630 cum
780 567 831 631 isti
853 569 1001 632 consules
1024 587 1117 651 quam
1141 569 1179 631 de
1201 577 1329 649 sumptu
1352 566 1522 631 minuendo

196 668 299 753 legem
328 665 488 730 serendam
517 663 578 727 sibi
602 674 838 746 proposuerant
863 661 926 744 ipsi
948 660 1137 736 abiecerint,
1170 663 1267 724 verba
1297 672 1400 724 autem
1423 659 1523 727 Gellii

196 772 228 824 et
249 759 411 825 Macrobii
433 769 465 823 et
487 757 576 823 Festi
599 755 776 821 necessario
799 757 839 818 ad
859 754 962 841 legem
984 756 1138 838 perlatam
1159 754 1329 819 referenda
1352 756 1427 820 sint.

365 945 542 1013 cossam.
563 942 795 1028 sumptuaria.

283 1086 429 1169 „Postea
452 1089 493 1152 Ι..
509 1087 607 1152 Sulla
628 1083 764 1150 dictator
787 1086 831 1163 (a.
849 1105 882 1147 u.
900 1085 1003 1164 672),
1028 1105 1120 1161 cum,
1145 1084 1271 1170 legibus
1286 1081 1352 1147 istis
1373 1084 1524 1166 (sanata

198 1193 231 1246 et
251 1180 403 1263 Licinia)
424 1180 485 1244 situ
507 1192 602 1264 atque
626 1176 714 1242 senio
734 1177 940 1254 oblitteratis,
970 1179 1113 1262 plerique
1135 1178 1165 1241 in
1189 1177 1387 1261 patrimoniis
1409 1168 1531 1259 amplis¹

195 1274 431 1350 helluarentur,
467 1286 498 1337 et
533 1272 682 1336 familiam
714 1272 945 1358 pecuniamque
979 1293 1067 1336 suam
1101 1273 1305 1354 prandiorum
1339 1271 1524 1357 gurgitibus

196 1369 407 1455 proluissent,
442 1368 546 1453 legem
570 1370 610 1429 sd
635 1366 789 1450 populum
818 1366 907 1441 tulit,
943 1389 1004 1451 qus
1027 1377 1152 1430 casuum
1182 1377 1247 1442 est,
1282 1377 1317 1431 ut
1349 1366 1522 1444 Kalendis,

196 1462 309 1529 Idibus
325 1461 511 1547 Nouisque,
536 1460 646 1525 diebus
665 1461 812 1525 ludorum
828 1472 860 1524 et
877 1460 968 1524 feriis
984 1461 1170 1544 quibusdam
1187 1461 1393 1525 sollemnibus
1407 1472 1526 1524 sester-

195 1555 260 1622 tios
286 1555 429 1621 tricenos
455 1556 486 1618 in
515 1576 647 1620 coenam
670 1554 828 1618 insumere
850 1555 900 1618 ius
924 1567 1132 1640 potestasque
1152 1566 1250 1631 esset,
1283 1555 1397 1619 ceteris
1420 1566 1524 1620 autem

197 1648 268 1714 aliis
290 1648 399 1713 diebus
422 1648 568 1712 omnibus
590 1670 655 1713 non
677 1648 810 1731 amplius
832 1648 977 1713 ternos.''
997 1724 1004 1733 „
1021 1650 1064 1713 A.
1090 1649 1214 1713 Gellius
1237 1650 1284 1713 ll.
1308 1648 1366 1728 26,
1395 1653 1447 1715 ll.

280 1744 378 1825 „Has
397 1740 541 1828 sequitur
562 1743 614 1806 lex
637 1743 797 1810 Cornelia
819 1755 850 1806 et
871 1743 941 1825 ipsa
961 1744 1173 1826 sumptuaria,
1198 1764 1290 1829 quam
1311 1744 1380 1807 tulit
1396 1746 1526 1811 cerm·

195 1837 264 1902 lius
284 1838 382 1902 matta
403 1837 540 1902 dictator
560 1840 605 1915 (a.
629 1859 662 1900 u.
686 1837 794 1918 stu),
819 1837 850 1900 in
873 1859 936 1921 qua
954 1858 1018 1900 uon
1042 1839 1267 1903 conviviorum
1289 1834 1525 1923 magnificentia

161 2004 164 2011 ¹
195 1929 357 2017 prohibita
381 1942 430 1994 est
455 1952 514 1994 nec
537 1930 630 2016 gulae
654 1934 766 1994 modus
792 1930 913 2006 factrus,
938 1953 1050 1995 verum
1072 1931 1196 1996 minora
1221 1931 1322 2016 pretia
1344 1933 1443 1994 relsus
1466 1928 1526 1993 im-

133 2038 138 2055 *
195 2025 322 2112 positas
359 2035 392 2089 et
415 2026 530 2110 quibus
556 2025 672 2103 rebus,
696 2024 738 2089 dii
759 2024 854 2089 boni!
888 2046 1048 2111 quamque
1070 2025 1240 2111 exquisitis
1262 2037 1293 2089 et
1311 2046 1412 2108 paene
1434 2023 1525 2091 ioco·

196 2119 291 2207 guitis
313 2120 483 2204 generibus
505 2119 707 2184 deliciarum!
738 2140 819 2203 quos
844 2119 910 2183 illic
931 2121 1035 2203 pisces
1060 2141 1204 2206 quasque
1228 2120 1342 2185 ollulas
1363 2120 1523 2185 nominat!

194 2225 228 2279 et
246 2227 354 2294 tamen,
371 2215 475 2296 pretia
495 2213 558 2278 illis
580 2215 703 2278 minora
725 2212 907 2277 constituit.
932 2213 1030 2277 ausim
1052 2214 1176 2291 dicere,
1202 2226 1236 2277 ut
1258 2215 1363 2278 vilitas
1384 2213 1523 2279 edulium

194 2306 316 2372 animos
338 2308 500 2372 homiuum
522 2309 561 2371 ad
583 2309 740 2390 parandas
762 2306 972 2389 opsoniorum
995 2307 1105 2391 copias
1128 2308 1273 2371 incitaret
1290 2320 1322 2371 et
1343 2308 1441 2392 gulae
1455 2328 1525 2371 ser-

193 2401 264 2467 vire
293 2401 387 2467 etiam
416 2400 471 2488 qui
499 2402 609 2486 parvis
637 2412 743 2466 essent
768 2399 973 2466 facultatibus
1001 2401 1168 2487 possent.''
1212 2403 1377 2467 Maca-ob.
1392 2404 1523 2467 Satura.

283 2587 350 2657 Τὸν
371 2591 429 2673 τῆς
447 2592 557 2682 ταφῆς
580 2587 731 2679 ὁρίζοντα
753 2587 813 2671 τὴν
836 2586 984 2673 δαπάνην
1004 2587 1107 2678 νόμον
1128 2588 1228 2670 αὐτὸς
1250 2586 1526 2681 παρεισενηνοχώς

193 2685 321 2774 παρέβη
344 2682 388 2764 (in
409 2683 524 2748 funere
540 2684 707 2764 Metellae)
728 2682 866 2770 μηδενὸς
881 2681 1097 2773 ἀναλώματος
1112 2682 1326 2798 φεισάμενος.
1346 2687 1526 2775 παρέβαινε

194 2779 230 2847 dl
257 2783 312 2843 καὶ
335 2775 376 2845 τὰ
398 2783 471 2864 περὶ
496 2779 555 2856 εἷς
576 2774 735 2856 εὐτελείας
757 2780 820 2845 τῶν
841 2781 975 2846 δείπνων
1002 2775 1055 2848 ὑπ’
1081 2782 1185 2848 αυτοῦ
1208 2783 1389 2866 τεταγμένα
1410 2774 1526 2856 πότοις

193 2877 249 2938 aul
277 2873 480 2950 συνδείπνοις
501 2868 631 2963 τρυφὰς
658 2880 713 2938 καὶ
733 2875 943 2962 βωμολοχίας
967 2872 1078 2960 ἔχουσι
1098 2875 1294 2964 παρηγορῶν
1321 2870 1359 2939 τὸ
1380 2875 1522 2949 πένθος.

172 2966 175 2971 ’
198 2964 366 3031 Plutarch.
390 2988 424 3029 v.
450 2965 556 3046 Syllae
578 2988 607 3028 c.
631 2967 685 3030 36.

279 3057 376 3122 Gellii
409 3067 443 3123 et
468 3059 632 3123 Macrobii
663 3061 701 3122 de
731 3061 791 3123 hac
822 3061 894 3146 lege
926 3061 1104 3126 testimonia
1137 3063 1220 3126 inter
1249 3085 1319 3127 sese
1351 3062 1525 3128 conciliare

193 3153 312 3217 studuit
335 3149 471 3236 Pighius
494 3155 595 3232 (Anu.
616 3153 716 3217 Rom.
739 3156 782 3218 T.
799 3155 864 3220 111.
878 3177 914 3237 p.
932 3156 1041 3233 lodda
1066 3155 1120 3221 cui
1141 3158 1262 3224 minora
1284 3156 1389 3242 pretia
1412 3156 1525 3221 eduliis

192 3245 341 3327 imposita
369 3267 436 3339 eam
465 3244 612 3310 videntur
639 3245 788 3311 habuisse
813 3247 894 3325 vim,
930 3258 964 3311 ut
990 3249 1043 3311 lex
1072 3252 1245 3317 observatu
1276 3261 1361 3319 esset
1382 3250 1523 3326 facilior,

193 3337 315 3402 deliciis
337 3338 405 3402 istis
427 3339 459 3402 in
479 3339 557 3406 loro
584 3340 743 3403 venalium
763 3354 900 3425 propter
919 3341 1070 3406 vilitatem
1087 3366 1151 3408 uon
1167 3345 1444 3428 comparentibus3
1466 3363 1524 3428 spe

193 3429 277 3497 lucri
297 3432 441 3516 praecisa
464 3433 674 3499 obsoniorum
697 3433 906 3519 opiparorum
930 3435 1107 3520 artificibus
1130 3438 1482 3524 conquisitoribusque.

223 3631 229 3644 '
363 3622 522 3688 Arsinna
543 3621 776 3705 sumptuaria.

280 3762 442 3838 ,Praeter
465 3764 522 3826 has
551 3761 640 3848 leges
670 3764 854 3844 (Fanniam,
889 3765 1067 3846 Liciniam,
1104 3764 1304 3847 Corneliam)
1337 3768 1523 3833 Aemilium

194 3877 326 3946 qnoque
343 3855 536 3933 invenimus,
562 3878 624 3941 qua
644 3857 716 3943 lege
734 3879 798 3924 non
813 3871 956 3943 sumptus
971 3881 1163 3940 coenarum,
1185 3865 1241 3926 sed
1261 3863 1408 3927 ciborum
1425 3882 1525 3949 genus

196 3963 229 4018 et
250 3954 363 4017 modus
385 3951 569 4037 praefinitus
591 3950 674 4016 esl.''
719 3954 764 4017 A.
788 3953 911 4018 Gellius
933 3953 982 4019 ll.
1006 3955 1067 4031 tt,
1093 3956 1145 4019 12.

280 4045 395 4130 „Sulla
416 4057 543 4111 mortuo
564 4045 717 4129 Lepidus
732 4048 845 4111 consul
864 4051 910 4128 (a.
926 4071 958 4115 u.
976 4048 1067 4129 676.)
1087 4049 1190 4136 legem
1209 4049 1281 4115 tulit
1301 4061 1333 4115 et
1349 4051 1422 4135 ipse
1438 4050 1526 4117 ciba·

193 4141 286 4231 riam
337 4139 422 4207 Cato
452 4138 534 4204 euim
563 4142 801 4225 sumptuarias
834 4145 924 4229 leges
958 4143 1108 4209 cibarius
1147 4145 1322 4230 appellat.”
1371 4147 1526 4212 Macrob.

197 4235 326 4301 Satura.
347 4235 397 4299 ll.
422 4234 475 4299 13.
497 4256 532 4318 p.
555 4233 631 4299 369.

283 4330 339 4395 Ad
359 4330 417 4396 M.
440 4327 626 4395 Aemilium
647 4334 818 4397 &aurum
839 4332 1100 4397 consulueram
1120 4332 1195 4397 638.
1218 4333 1323 4420 legem
1343 4334 1526 4422 sumptuo-

195 4421 287 4489 mam
310 4424 360 4488 vel
381 4422 548 4488 cibarium
570 4423 715 4489 relerunt
736 4425 859 4491 Plinius
882 4426 968 4492 Hist.
989 4428 1065 4490 Nat.
1089 4427 1192 4492 vtll.
1216 4431 1274 4492 tt:

215 4526 219 4535 ·
303 4566 319 4596 „
329 4516 459 4582 Sorices
474 4529 505 4581 et
519 4515 608 4601 ipsos
622 4518 725 4583 hieme
741 4519 836 4584 condi
851 4532 964 4584 auctor
978 4531 1027 4584 est
1040 4518 1188 4605 Nigidius
1202 4520 1285 4587 sicut
1299 4522 1417 4609 glires:
1441 4543 1524 4610 quos

239 4611 402 4674 censoriae
420 4612 510 4697 leges
530 4608 744 4700 princepsque
764 4616 819 4679 Μ.
840 4618 994 4679 &eurus
1010 4614 1042 4678 in
1064 4614 1231 4680 consulatu
1253 4636 1317 4681 nos
1338 4617 1403 4682 alio
1426 4620 1524 4683 modo

240 4702 350 4767 coenis
374 4705 520 4771 ademere
543 4727 636 4790 quam
659 4707 816 4773 conchilia
838 4718 894 4771 aut
913 4728 954 4773 ex
975 4706 1039 4773 alio
1060 4709 1142 4775 orbe
1163 4721 1336 4776 convecms
1357 4709 1470 4777 avesd'
1506 4740 1512 4759 =

196 4809 229 4871 et
249 4795 398 4882 Scriptus
419 4798 458 4863 de
480 4798 557 4864 risis
577 4797 752 4879 illustribus
773 4821 803 4868 c.
826 4796 884 4866 72:
