3202 5318
212 294 287 365 att.
693 290 844 359 1unssx
865 290 1046 358 LEGUM.

213 450 313 517 esset,
342 459 444 522 neque
460 440 547 502 ¹adeo
576 435 810 520 reprehendere
837 432 981 510 comitia,
1011 434 1044 498 h.
1065 432 1209 515 e.,irrita
1228 434 1355 511 facere,
1379 443 1531 516 possent.

199 535 266 607 ,Aa
287 533 367 595 hanc
389 533 490 615 legem
514 532 643 614 respicit
1584 595 1586 599 ,

298 626 412 691 Livius
434 626 463 690 l.
486 629 524 688 17
530 647 559 688 .ι
598 629 828 691 Decreveruut
853 635 910 701 ut,
940 645 1018 686 eum
1042 625 1192 706 populus
1216 645 1333 707 regem
1360 621 1537 692 iussisset,

211 719 250 783 id
269 721 319 784 sie
340 732 456 783 ratum
476 731 580 796 esset,
612 721 644 783 si
662 731 782 802 patres
802 729 963 781 arnetores
977 716 1130 794 fierent.
1160 717 1325 799 hodieque
1347 715 1382 778 in
1405 714 1537 799 legibus

214 813 540 900 magistratibusque
562 813 729 898 rogandis
749 824 940 894 usurpatur
960 811 1050 874 idem
1072 812 1144 887 ius,
1168 811 1202 873 ui
1218 811 1398 892 adempta:
1420 810 1537 892 prius·

212 929 316 994 quam
337 911 490 992 populus
510 906 724 996 sntfflagium
749 908 860 983 ineat,
885 905 921 969 in
947 905 1115 969 incertum
1139 904 1356 969 comitiorum
1381 916 1537 968 euentum

209 1012 332 1085 putres
352 1010 512 1067 auctores
524 1003 638 1081 fiunt.

299 1095 450 1161 Ceterum
474 1097 528 1160 lex
552 1097 698 1163 Maenia
724 1095 925 1161 confirmarit
952 1106 1070 1158 tantum
1096 1106 1127 1157 et
1148 1091 1276 1175 repetiit
1297 1093 1402 1178 legem
1423 1094 1536 1160 Publi·

77 1204 79 1209 ’
211 1189 295 1254 uam
316 1192 346 1253 iu
369 1192 497 1254 eandem
519 1191 703 1254 sententiam
726 1192 785 1254 iam
809 1213 841 1253 a.
865 1213 897 1252 u.
922 1192 994 1253 Ill.
1017 1212 1033 1252 a
1059 1190 1101 1269 Q.
1118 1188 1261 1253 Publilio
1278 1187 1414 1252 Philone
1437 1189 1533 1252 dicta-

211 1293 283 1348 tore
303 1285 418 1348 latam:
443 1284 519 1349 Ltv.
544 1286 645 1349 VIII.
670 1285 721 1350 tt.
744 1284 821 1347 Vid.
843 1285 993 1348 Gronov.
1014 1284 1095 1348 Obs.
1116 1283 1145 1346 I.
1164 1283 1217 1347 25.
1242 1282 1296 1367 qui
1317 1283 1424 1347 locum
1446 1282 1531 1345 illurn

212 1374 379 1444 Ciceronis
401 1378 533 1465 egregie
554 1378 702 1443 illustrat.
726 1381 810 1443 Eun.
845 1378 943 1443 Conl.
966 1377 1168 1442 Praesume.

367 1559 421 1622 De
443 1558 668 1622 Matremne:
693 1558 884 1642 Appuleia,
912 1557 1037 1631 Varia,
1062 1555 1239 1631 Cornelia,
1263 1556 1365 1622 Iulia.

659 1729 825 1791 Μιιιιιιιι
848 1728 889 1791 de
911 1726 1089 1790 limitibus.

296 1848 374 1929 „Ex
400 1849 459 1910 hac
487 1861 589 1912 autem
617 1870 680 1912 nnn
708 1871 814 1913 rerum
834 1852 889 1912 sed
917 1851 1090 1912 verborum
1121 1847 1280 1912 discordia
1310 1846 1532 1911 controversia

210 1952 282 2004 nata
309 1953 358 2004 est
385 1945 423 2005 de
445 1943 575 2006 linibus:
611 1943 643 2004 in
670 1966 733 2028 qua
761 1944 908 2029 qrroniarn
934 1941 1158 2024 usucapionem
1188 1943 1271 2005 XII.
1301 1940 1427 2003 tabulae
1453 1941 1533 2003 intra

211 2035 350 2119 utrinque
367 2037 463 2119 pedes
479 2058 548 2099 esse
565 2038 755 2113 noluerunt,
780 2037 907 2118 depasci
923 2048 1062 2099 veterem
1085 2036 1317 2116 possessionem
1342 2035 1534 2100 Academiae

209 2130 248 2190 ab
273 2130 335 2192 hoc
357 2142 457 2193 acuto.
474 2131 603 2194 homine
623 2152 685 2195 non
709 2131 864 2206 sinemus,
897 2153 955 2194 nee
976 2131 1140 2197 Mamilia
1165 2131 1237 2214 lege
1266 2129 1383 2214 singuli
1414 2131 1471 2193 sed
1493 2152 1533 2194 ex

207 2222 291 2288 XII.
314 2235 381 2286 tres
401 2224 510 2288 arbitri
532 2224 611 2313 lines
631 2225 815 2306 rogemus.''
848 2228 886 2287 de
909 2227 1017 2311 Legg.
1042 2226 1070 2288 l.
1092 2225 1149 2299 tt,
1174 2226 1225 2287 55.

185 2392 188 2397 y
292 2317 456 2383 Mamilia
483 2318 524 2381 de
552 2320 719 2402 regundis
738 2319 878 2397 finibus
907 2338 1098 2402 agrorum,
1131 2319 1164 2381 b.
1189 2339 1219 2381 c.
1243 2317 1431 2393 lundorum3
1470 2339 1530 2400 qua

209 2409 414 2475 constitutum
445 2424 508 2487 est,
540 2424 574 2474 ut
598 2412 628 2475 in
656 2415 772 2476 linibus
801 2434 954 2497 agrorum
984 2413 1122 2497 quiaque
1150 2415 1243 2493 pedes
1269 2415 1301 2473 io
1334 2411 1531 2475 latitudInem

178 2532 186 2541 ·
209 2504 480 2587 relinquerentur,
505 2516 539 2568 ut
560 2507 648 2591 legg.
666 2508 749 2570 XII.
768 2509 854 2571 tahb.
876 2507 1080 2572 constitutum
1104 2517 1205 2580 esset,
1230 2515 1262 2568 et
1280 2504 1397 2588 singuli
1420 2506 1531 2570 arbitri

209 2599 356 2681 regendis
382 2600 497 2661 linibus
525 2604 693 2675 darentur,
729 2623 798 2664 cum
826 2624 843 2665 c
873 2603 961 2687 legg.
985 2603 1066 2666 ΧΠ.
1091 2603 1179 2662 labb.
1203 2613 1266 2661 tres
1294 2611 1411 2674 essent,
1445 2600 1472 2663 si
1494 2603 1532 2662 de

208 2693 324 2755 linibus
348 2704 419 2757 orta
438 2694 660 2758 controversia
680 2706 775 2757 esset.
821 2695 986 2760 Ciceronis
1010 2696 1112 2759 locum
1133 2714 1197 2757 non
1221 2692 1301 2757 vidit
1321 2691 1372 2757 Cl.
1392 2693 1532 2757 Heinec-

209 2786 276 2848 cius
299 2786 344 2849 H.
370 2787 400 2850 l.
426 2786 466 2851 C.
491 2788 537 2851 R.
557 2809 592 2869 p.
616 2789 771 2863 85.’86.,
809 2790 861 2852 ubi
892 2790 1035 2870 pluribus
1065 2790 1103 2851 de
1129 2789 1188 2849 lrac
1216 2787 1286 2871 lege
1317 2790 1371 2866 (ex
1396 2788 1533 2866 Goesin)

209 2880 362 2943 disserere
383 2879 533 2958 instituit,
566 2886 689 2966 quoda
716 2883 826 2963 parneis
848 2882 1053 2966 intelligatur.
1097 2880 1185 2945 Nihil
1208 2881 1305 2966 igitur
1328 2884 1366 2942 de
1392 2880 1531 2943 arbitris.

211 2972 360 3038 Ceterum
390 2976 428 3035 de
458 2976 516 3036 hac
544 2975 616 3056 lege
645 2976 706 3039 vid.
739 2976 875 3040 Goesius
898 2979 936 3038 ad
958 2976 1078 3057 Script.
1103 2996 1173 3059 agr.
1197 2998 1231 3057 p.
1256 2976 1330 3040 339.
1355 2985 1386 3037 et
1408 2974 1440 3036 in
1464 2988 1533 3039 not.

210 3088 245 3149 p.
271 3067 343 3129 182.
369 3068 440 3131 191.
464 3079 526 3130 cet.
570 3069 698 3132 Primus
724 3069 935 3154 fragmentum
964 3069 1031 3132 eius
1059 3069 1194 3150 protulit
1222 3069 1349 3151 Lipsius
1374 3069 1478 3135 Elect.
1503 3069 1533 3132 I.

210 3161 261 3224 15.
305 3162 386 3224 Lata
410 3173 508 3225 esta.
532 3185 565 3225 ιι.
589 3165 663 3227 dle.
699 3166 782 3227 Eas.
827 3163 926 3228 Conl.
951 3163 1088 3247 Pighius
1110 3165 1211 3242 (Anu.
1236 3165 1332 3228 Rom.
1355 3165 1400 3228 T.
1424 3162 1474 3228 11.
1497 3186 1532 3247 p.

169 3320 172 3325 ,
211 3253 318 3335 883.)ι
342 3255 396 3340 qui
417 3277 485 3318 eam
508 3260 546 3323 0.
570 3259 733 3323 Mamilio
755 3256 884 3321 tribuno
906 3258 1009 3338 plebis
1032 3280 1060 3322 ιι.
1083 3278 1115 3319 ιι.
1140 3258 1213 3322 588.
1235 3258 1356 3321 tribuit.

536 3417 701 3479 Μιιιιιιιι
725 3417 766 3480 de
787 3418 978 3500 Iugurthae
989 3414 1212 3503 fautoribus.

298 3537 408 3610 „Inter
436 3557 473 3599 ea
496 3538 618 3601 Romae
641 3541 678 3602 0.
706 3541 889 3604 Mamilius
911 3541 1112 3605 Limetanus
1134 3541 1280 3603 tribunus
1302 3538 1404 3622 plebis
1434 3542 1478 3617 (a.
1499 3561 1530 3604 ιι.

212 3632 300 3711 643.)
321 3630 519 3714 rogationem
541 3634 579 3694 atl
595 3634 748 3713 populum
764 3635 965 3718 promulgat,
991 3636 1042 3698 uti
1058 3647 1282 3718 petaereretur
1296 3635 1331 3697 in
1350 3654 1426 3708 eos,
1450 3655 1533 3718 quo·

212 3746 292 3792 rum
312 3725 457 3790 consilio
478 3729 650 3810 Iugurtha
675 3729 786 3791 senati
808 3730 945 3792 decreta
967 3730 1190 3813 neglegisset,
1225 3729 1349 3814 quique
1370 3728 1414 3789 ab
1434 3748 1476 3790 eo
1499 3726 1534 3787 in

212 3820 443 3906 legationibus
460 3832 521 3883 aut
543 3820 697 3903 imperiis
716 3825 880 3904 pecunias
898 3824 1124 3906 accepissent,
1149 3823 1208 3907 qui
1222 3823 1437 3904 elephantos,
1461 3820 1536 3904 qui-

214 3938 278 4003 que
299 3911 474 4006 perfugas
495 3913 736 3988 tradidissent,
761 3917 841 3979 item
861 3918 919 4000 qui
937 3918 979 3979 de
991 3938 1076 3999 pace
1095 3929 1158 3980 aut
1182 3916 1267 3979 bello
1289 3935 1367 3977 eum
1384 3914 1538 3977 hostibus

213 4010 392 4094 pactiones
403 4009 592 4100 jecissent.
638 4010 723 4072 Huic
737 4010 897 4094 rogationi
912 4010 1027 4092 partim
1044 4009 1165 4073 conscii
1179 4009 1254 4084 sibi,
1279 4008 1330 4070 alii
1346 4029 1385 4070 ex
1401 4006 1540 4090 partium

177 4150 193 4171 ..
213 4103 334 4168 invidia
355 4102 496 4184 pericula
519 4114 711 4178 metuentes,
737 4103 884 4188 quoniam
905 4115 1013 4187 aperte
1029 4103 1177 4167 resistere
1192 4125 1257 4166 non
1273 4114 1439 4185 poterant,
1464 4101 1540 4185 quin

214 4199 269 4264 ille
291 4211 323 4260 et
346 4197 404 4259 alia
427 4196 498 4259 talia
520 4197 646 4279 placere
669 4197 729 4259 sibi
749 4198 946 4274 faterentur,
970 4198 1096 4261 occulte
1118 4219 1178 4279 per
1199 4197 1317 4262 amicos
1345 4218 1382 4259 ae
1406 4197 1541 4260 maxime

216 4312 278 4373 per
303 4290 447 4354 homines
478 4289 610 4353 nominis
637 4292 742 4354 Latini
771 4303 802 4354 et
830 4293 936 4355 socios
960 4292 1092 4355 Italicos
1122 4291 1343 4373 impedimenta
1372 4294 1540 4373 parabant.

220 4387 282 4449 Sed
308 4383 626 4466 plebesincredibile
648 4396 824 4449 memoratu
846 4399 892 4448 est
914 4408 1008 4470 quam
1034 4387 1150 4449 intenta
1179 4386 1276 4448 luerit
1302 4395 1483 4469 qtrantaque
1510 4384 1542 4447 vi

220 4477 422 4563 rogationem
444 4477 589 4554 iusserit,
623 4482 819 4555 decreverit,
844 4480 1002 4544 voluerit:
1042 4480 1140 4564 magis
1164 4480 1238 4543 odio
1265 4477 1460 4550 nobilitatis,
1492 4476 1541 4540 eui

222 4572 301 4632 mala
324 4569 375 4631 illa
396 4574 604 4651 parabantur,
629 4594 724 4659 quam
742 4596 818 4637 cura
837 4575 885 4637 rei
905 4573 1070 4656 publicae.
1094 4584 1177 4635 tauta
1199 4574 1306 4636 lubido
1328 4573 1357 4636 in
1380 4571 1539 4654 partibus.

219 4661 326 4747 Igitur
347 4665 460 4726 ceteris
486 4678 570 4730 metu
590 4666 744 4749 percrrlsis
765 4670 815 4735 M.
837 4670 991 4743 Scaurus,
1014 4688 1108 4751 quem
1130 4665 1267 4751 legatum
1289 4664 1416 4730 Bestiae
1437 4687 1537 4749 supra

222 4754 405 4832 docuimus,
436 4756 521 4821 inter
540 4760 687 4825 laetitiam
709 4763 810 4844 plebis
835 4772 868 4825 et
893 4782 1022 4826 sucrum
1043 4760 1171 4846 lugam,
1205 4759 1328 4843 trepida
1356 4759 1537 4825 etiamtum
