3202 5318
499 252 505 271 '
614 283 764 350 iunex
786 284 969 351 enonu.

304 469 478 536 Conueom
501 473 707 535 nummario.

221 615 356 694 „Atque
385 613 415 674 in
444 612 492 674 his
522 613 599 693 ipsis
621 617 717 676 rebus
742 614 834 677 mttltr
859 613 999 678 videmus
1020 613 1064 677 ite
1091 625 1198 677 sancte
1223 634 1293 678 esse
1317 614 1455 702 legibus,

133 717 260 770 utente
282 706 365 769 tar-u
390 708 420 768 io
442 707 589 769 iudicium
613 729 677 770 non
701 720 868 772 vocentur.
916 703 1074 771 Cornelio
1089 709 1338 787 testamentaria,
1356 732 1456 775 num·

133 801 264 875 moria,
290 814 415 864 ceterae
437 802 636 879 conpluren
670 800 839 883 inquibus
870 823 933 866 uon
959 802 1006 865 ius
1032 801 1162 887 aliquod
1186 822 1303 865 novum
1330 805 1456 887 populo

133 893 355 969 constituitur,
380 898 435 958 sed
460 896 617 969 sarritur,
641 908 691 971 ut,
713 898 801 980 quod
822 917 949 976 semper
971 896 1082 958 rrralum
1106 892 1229 959 Iarious
1251 895 1365 972 Interit,
1389 895 1457 969 eius

134 989 279 1074 quaestio
295 992 333 1052 ad
348 991 501 1072 populum
518 989 675 1071 pertineat
690 1011 729 1053 ex
747 1003 834 1054 rerto
851 988 1028 1072 ternpore.”
1071 991 1171 1053 Verr.
1187 990 1244 1052 lib.
1263 990 1290 1053 l.
1309 991 1367 1064 tt.
1386 991 1456 1056 108.

219 1080 265 1147 Ea
288 1096 412 1146 curuum
436 1094 502 1158 est,
527 1083 657 1166 nequis
680 1083 823 1164 privatus
841 1105 986 1147 nummos
1007 1082 1200 1145 adulterinos
1215 1083 1326 1159 Iaeint,
1350 1084 1456 1150 inluso

33 1234 40 1249 ,
135 1177 286 1243 deteriori
317 1199 390 1240 nere
417 1177 447 1239 iu
476 1178 632 1247 nobilius,
665 1189 717 1239 auu
746 1179 808 1241 alio
839 1181 933 1241 modo
963 1199 1167 1262 quocunque.
1224 1175 1458 1243 continebatur

134 1273 197 1336 hoc
218 1272 289 1335 salsi
313 1292 412 1357 genus
436 1272 506 1354 lege
529 1274 568 1333 de
592 1272 691 1343 luls03
715 1274 769 1333 sed
792 1274 879 1355 quod
901 1271 944 1335 nil
966 1271 1166 1353 pestilentius
1187 1283 1233 1335 est
1251 1271 1346 1354 Reip.
1363 1293 1457 1356 queam

134 1365 305 1427 adulterari
336 1387 497 1440 nummos,
532 1366 604 1449 lege
632 1364 783 1448 petssliari
811 1369 850 1428 de
874 1369 935 1429 lioc
956 1365 1086 1445 crimine
1109 1367 1309 1430 sanciendum
1333 1365 1458 1448 putarit

135 1461 234 1524 Sulla.
268 1462 311 1523 V.
336 1460 477 1523 Gravina
502 1460 544 1524 Ο.
569 1460 595 1523 l.
618 1482 651 1542 p.
675 1458 750 1522 tot.
795 1460 870 1522 Huc
892 1459 1028 1540 pertinet
1050 1459 1141 1523 etiarn
1174 1457 1460 1526 edietum'Morii

61 1560 63 1565 '
135 1553 349 1712 ⁹Grotirlietrtli,
381 1554 499 1616 tribuni
527 1553 648 1635 plebis,
678 1556 718 1617 de
740 1575 804 1638 quo
829 1553 979 1617 videndus
1000 1554 1124 1621 Plinius
1147 1555 1191 1618 H.
1217 1556 1258 1623 ll.
1280 1554 1457 1619 XXXIII.

64 1690 66 1695 .
158 1660 273 1713 .extr.
339 1670 390 1710 nu.

304 1805 479 1871 Conuenit
502 1804 542 1870 de
565 1807 827 1891 proscriptione.

136 1976 139 1981 -
219 1927 369 2002 ,Doceut
388 1950 452 1990 nou
475 1941 628 2009 oportere
649 1949 684 1999 se
702 1928 823 1992 iurares
849 1929 990 1993 lecturos
1011 1950 1095 2004 esse,
1118 1932 1205 2013 quod
1223 1940 1334 1994 contra
1355 1931 1458 2016 legem

138 2017 329 2086 Corneliam
354 2035 454 2098 essct,
480 2045 560 2108 quae
582 2022 796 2105 proscriptum
819 2023 921 2086 iuvari
945 2023 1102 2087 vetaret.''
1147 2025 1246 2087 Verr.
1270 2024 1326 2090 lib.
1348 2026 1376 2092 l.
1403 2029 1456 2102 tt,

136 2115 212 2178 123.
235 2151 275 2165 ·-
299 2118 400 2190 „Hoc
422 2137 485 2200 ego
508 2138 646 2200 quaero,
670 2117 725 2201 qui
747 2126 920 2200 potuerunt
941 2117 1001 2181 ista
1024 2118 1091 2200 ipsa
1110 2117 1198 2203 lege,
1222 2139 1304 2201 quae
1318 2119 1361 2183 de
1374 2142 1458 2203 pro-

134 2209 321 2294 scriptione
343 2221 407 2285 est,
431 2210 500 2273 sire
515 2210 647 2275 Valeria
671 2222 717 2273 est
739 2212 807 2274 sire
821 2212 997 2284 Cornelias
1023 2233 1085 2275 non
1107 2212 1188 2275 enim
1204 2213 1279 2275 novi
1294 2235 1353 2276 ner
1367 2213 1457 2277 scio:

66 2338 74 2349 ·
134 2323 244 2369 nerem
268 2306 325 2368 ists
348 2303 415 2387 ipsa
437 2305 510 2381 lege
532 2305 615 2371 bona
639 2306 716 2368 Sex.
735 2306 845 2369 Roscii
870 2305 977 2370 venire
999 2304 1054 2390 qui
1076 2306 1271 2389 potueruut?
1293 2307 1456 2390 Scriptum

76 2394 80 2405 '
134 2400 215 2481 enim
239 2399 279 2463 ita
302 2401 408 2463 ‹lirunt
431 2420 520 2475 esse,
542 2410 582 2463 ut
603 2422 722 2463 eorum
737 2400 827 2464 bono
841 2411 997 2474 veneant,
1019 2400 1073 2484 qui
1089 2402 1261 2482 proscripti
1275 2413 1366 2464 stent:
1390 2422 1456 2485 quo

134 2491 166 2556 in
191 2517 321 2558 ntrtuero
344 2497 422 2558 Sex.
448 2493 585 2559 Roscius
609 2515 672 2557 non
693 2505 760 2558 est:
794 2506 856 2557 atet
877 2515 1014 2569 eorum,
1039 2489 1155 2577 p'ui'in
1175 2493 1456 2560 aduersariorum

130 2589 318 2670 praesidiis
340 2587 443 2653 occisi
463 2600 557 2650 sunt.
580 2621 621 2634 -
643 2623 684 2634 -
708 2622 746 2636 ·-·
783 2587 911 2670 Opinor
933 2588 1055 2651 esseio
1078 2588 1167 2672 lege,
1197 2609 1289 2671 quam
1314 2591 1353 2651 ad
1374 2589 1455 2652 diem

134 2682 390 2764 proscriptiones
423 2681 682 2765 venditionesque
711 2681 806 2744 liant:
842 2681 985 2744 nimirmu
1016 2703 1058 2742 so
1089 2681 1270 2746 liuoeuous
1305 2683 1454 2748 timul·

133 2795 196 2855 pro
219 2779 298 2840 Sex.
323 2775 446 2841 Roscio
470 2777 526 2850 ld,
552 2775 738 2840 125-128.
784 2774 883 2840 Coei.
915 2778 953 2837 de
982 2776 1051 2860 lege
1080 2797 1151 2861 agr.
1182 2777 1245 2842 llI.
1267 2777 1305 2853 2,
1330 2776 1364 2843 6.
1388 2777 1454 2842 tlt.

133 2866 170 2942 2,
195 2867 228 2932 8.
252 2870 319 2935 Ill.
344 2871 379 2943 2,
406 2870 457 2932 tt.
481 2900 522 2912 —
546 2867 739 2948 „Adiectum
763 2869 873 2944 etiam,
898 2881 936 2931 ut
958 2870 1047 2932 bona
1066 2871 1455 2953 proscriptorumeeni·

133 2973 225 3039 rent,
256 2963 458 3047 exclusique
475 2961 632 3044 paternis
653 2962 775 3046 opibus
796 2963 894 3025 liberi
914 2963 1020 3026 etiam
1037 2965 1264 3047 petendorum
1284 2969 1457 3029 honorum

133 3053 209 3117 iure
227 3057 510 3138 prohiberentur,
536 3057 702 3140 simulque
723 3067 922 3119 senatorum
936 3056 1014 3135 filii
1035 3069 1068 3119 et
1082 3078 1189 3121 onero
1203 3058 1337 3122 ordinis
1350 3059 1457 3124 aresti·

133 3161 253 3213 nerent
274 3162 306 3212 et
327 3150 409 3214 iura
425 3149 645 3232 perderent.''
689 3149 806 3216 Vellei.
830 3151 878 3215 ll.
903 3151 956 3215 29.
980 3181 1020 3194 -·
1053 3151 1153 3216 Coos.
1178 3154 1344 3217 Plutarch.
1368 3152 1455 3214 Sulla

134 3263 165 3305 c.
189 3242 243 3306 31.
266 3274 307 3288 -
333 3244 440 3323 ,Quid
461 3244 620 3306 crudelius
643 3264 736 3327 quam
760 3245 901 3308 homines
924 3245 1066 3309 honestis
1091 3247 1274 3325 parentibus
1296 3267 1333 3309 ac
1356 3247 1456 3310 maio·

134 3335 222 3400 ribus
246 3349 336 3401 natos
359 3358 375 3399 a
399 3359 434 3401 re
457 3339 582 3418 publiea
605 3336 811 3400 submoveri?
835 3338 945 3422 ltaque
963 3342 1073 3403 <lterum
1097 3339 1128 3404 id
1151 3361 1220 3404 esse
1239 3362 1380 3404 summus
1402 3341 1455 3405 ille

132 3434 370 3495 tractandorum
393 3433 567 3494 animorum
591 3430 709 3493 artilex
732 3429 864 3510 (Cicero
888 3433 920 3495 in
942 3435 1088 3498 oratione
1115 3435 1157 3498 de
1178 3435 1456 3520 proscriptorum

134 3524 264 3602 liberis)
291 3524 477 3589 confitetur:
515 3527 572 3597 sed
600 3523 641 3587 ita
671 3525 795 3608 legibus
822 3529 937 3591 Sullae
964 3530 1141 3592 cohaerere
1174 3540 1287 3593 statum
1317 3528 1455 3592 civitatis

133 3617 355 3777 {firmarii
386 3619 434 3683 his
463 3620 576 3683 solutis
605 3630 690 3681 stare
717 3618 785 3702 ipsa
819 3641 883 3684 non
915 3622 1052 3704 possit.”
1106 3621 1241 3703 Quintil.
1276 3624 1357 3689 lnst.
1393 3625 1454 3689 Or.

68 3721 72 3727 ”
192 3717 262 3788 .1,
331 3757 339 3775 .

306 3870 502 3938 Conuenite
523 3873 704 3959 agreriae,

137 3995 252 4079 quibus
275 3996 345 4080 agri
371 3995 578 4076 perduellium
603 3996 754 4077 publicati
777 3994 998 4081 veteranisque
1019 3998 1169 4086 assignati
1191 4010 1276 4065 stunt.
1322 4003 1377 4068 At
1402 4021 1456 4067 eas

137 4089 310 4250 {elegeulqil
329 4091 473 4257 visdeqtpr
500 4091 563 4155 loci
589 4094 627 4155 de
659 4092 728 4177 lege
750 4112 819 4176 agr.
842 4093 929 4158 Rulli
952 4095 1000 4159 11.
1024 4095 1084 4170 28,
1107 4095 1158 4158 78.
1185 4095 1250 4159 lll.
1272 4095 1310 4172 2,
1334 4099 1367 4162 ⁶.
1388 4096 1455 4161 IIl.

80 4242 83 4247 .
168 4228 177 4259 ,
224 4229 233 4251 .
314 4229 323 4248 .
377 4229 386 4260 ,
455 4228 464 4248 .

308 4341 483 4409 Conuenit
505 4345 546 4408 de
568 4346 782 4411 sacerdotiis.

226 4465 312 4544 „ttis
328 4468 436 4530 decem
454 4467 541 4528 annis
558 4466 682 4532 victure
697 4471 793 4533 Sulla
809 4468 954 4533 civilibus
976 4470 1065 4534 bellis
1082 4470 1235 4553 spoliatus
1253 4485 1301 4537 est
1317 4470 1455 4557 populus

138 4554 303 4620 Romanus
323 4573 481 4641 potestate
503 4561 690 4637 tribunicia,
714 4561 870 4626 iudicandi
894 4564 981 4638 iure,
1010 4565 1148 4630 arbitrio
1174 4570 1386 4632 creandormu
1406 4586 1455 4631 sa·

140 4653 321 4723 cerdotmn,
345 4666 472 4723 senatus
494 4668 545 4718 aut
568 4656 737 4720 iudiemu.''
782 4658 1064 4723 Pseudo-Asson.
1087 4659 1119 4723 in
1141 4660 1254 4727 Diris.
1275 4682 1311 4745 p.
1337 4659 1409 4729 tut.

226 4745 303 4807 Vul.
327 4766 421 4828 supra
446 4747 518 4814 tir.
541 4749 628 4832 Epit.
653 4751 853 4816 LXXXIX.
876 4764 907 4818 et
927 4752 1097 4818 Doutrtu.
