3202 5318
175 406 181 424 ι
214 323 276 391 126
618 316 768 382 ΙΝΒΕΧ
789 315 1142 382 Fouutubuuutt.

213 472 397 535 senatus,
422 452 1381 540 populiqueRomanilibertascarissimasitet
1403 456 1549 534 luerit,

215 551 473 615 uacationem
498 547 668 610 militiae
690 546 795 626 ipsis
818 546 1050 630 liberisque
1079 567 1215 608 eorum
1243 566 1335 609 esse
1365 547 1549 628 plaeere,

214 655 333 708 entra
363 641 576 705 tumultum
607 639 811 702 Gallicum
835 638 1125 721 Italicumque;
1159 658 1309 721 easque
1337 640 1550 722 legiones,

213 736 328 800 bello
355 733 575 806 conlecto,
612 731 753 793 missas
784 730 882 792 fieri
910 731 1090 811 placem
1125 742 1404 813 quantamque
1435 753 1552 813 pece-

214 828 313 892 niara
350 823 553 887 militibus
589 844 722 886 earttm
761 823 964 905 legionum
1003 822 1039 885 in
1072 823 1261 904 singulos
1295 821 1338 886 C.
1374 820 1549 902 Caesar,

213 914 419 1002 pontifex,
444 937 518 995 pro
540 924 736 995 praetore
759 914 979 995 pollicitus
1000 914 1076 987 sit,
1100 913 1551 994 tantamdariplaceres

213 1010 354 1092 utique
376 1007 419 1072 G.
443 1008 589 1081 Pansa,
612 1008 657 1068 A.
680 1004 864 1080 Hirtius,
890 1007 1102 1080 consules,
1134 1007 1260 1080 alter,
1292 1007 1484 1083 ambove,
1514 1011 1552 1076 S.

214 1104 257 1168 E.
279 1104 345 1176 V.,
369 1099 572 1163 rationem
595 1099 682 1180 agri
706 1099 896 1171 babeant,
920 1097 987 1180 qui
1009 1098 1094 1160 sine
1115 1095 1263 1160 iniuria
1287 1098 1549 1177 privatorum

214 1191 345 1257 dividi
368 1185 515 1272 possit;
544 1190 660 1273 isque
683 1189 884 1252 militibus
907 1188 1087 1272 legionis
1111 1188 1286 1252 Martiae
1307 1201 1345 1253 et
1368 1190 1550 1274 legionis

214 1295 383 1368 quartae
404 1281 458 1345 ita
481 1285 664 1357 daretur,
692 1281 1001 1364 assignaretur,
1026 1292 1067 1344 ut
1089 1282 1233 1363 quibus
1255 1280 1550 1347 militibusasa·

215 1374 400 1460 plissime
422 1374 522 1447 dati,
546 1373 747 1457 assignati
768 1385 922 1436 esseut.
966 1374 1112 1454 Philipp.
1135 1375 1171 1445 5,
1197 1374 1256 1448 19,
1281 1373 1335 1436 53.

302 1467 420 1545 Quod
443 1469 487 1529 L.
512 1466 694 1546 Opimius
716 1465 861 1528 consul
886 1467 1008 1527 verba
1029 1464 1133 1528 lecit
1154 1467 1197 1527 de
1225 1464 1470 1544 republica,
1502 1469 1549 1530 de

214 1579 258 1622 ea
280 1578 322 1622 re
344 1557 401 1620 ita
422 1570 692 1632 censuerunt,
709 1556 774 1621 ‚uti
797 1560 841 1620 L.
860 1556 1052 1639 Opimius
1074 1555 1216 1619 consul
1239 1578 1317 1617 rem
1341 1556 1550 1637 publica·

215 1649 467 1715 defenderet.
512 1652 648 1713 Senatus
664 1651 744 1711 baec
760 1650 887 1723 verbis,
913 1648 1060 1729 Opimius
1083 1650 1192 1711 armis.
1226 1648 1373 1728 Philipp.
1388 1650 1475 1723 8,.1,
1497 1651 1550 1733 11.

302 1743 388 1821 Qiras
411 1744 455 1805 ob
474 1763 525 1804 res
546 1741 588 1804 itu
609 1761 746 1804 censeor
771 1743 938 1815 Eorum,
963 1741 1131 1823 quicum
1156 1742 1209 1803 Μ.
1234 1741 1417 1804 Antonio
1440 1751 1549 1816 sont,

215 1834 281 1918 qni
313 1837 361 1897 ab
390 1834 512 1897 armis
542 1832 817 1896 discesserint
848 1844 886 1895 et
914 1845 979 1895 aut
1010 1835 1056 1893 ad
1078 1832 1120 1895 C.
1145 1834 1312 1895 Pansam
1340 1843 1409 1894 aut
1432 1834 1480 1894 sd
1503 1835 1550 1897 Α.

171 1936 175 1944 “
216 1926 395 1989 Hirtium
428 1927 621 1989 consules
654 1937 716 1986 aut
745 1927 792 1986 sd
821 1923 1026 1989 Decimum
1058 1924 1226 1985 Brutum
1256 1922 1551 2003 imperatorem

89 2060 96 2073 ·
215 2018 420 2081 consulem
455 2017 706 2099 designatum
739 2027 805 2078 aut
837 2019 883 2079 ad
917 2016 960 2079 C.
993 2014 1205 2079 Caesarem
1239 2036 1312 2094 pro
1347 2025 1551 2095 praetore

144 2182 150 2193 .
216 2120 307 2172 ante
330 2110 423 2172 idus
445 2109 618 2172 Martias
641 2107 789 2189 primas
812 2107 1016 2182 adierint,
1040 2105 1094 2168 iis
1114 2106 1253 2168 fraudi
1278 2127 1320 2168 ne
1343 2106 1416 2180 sit,
1442 2110 1551 2190 quod

215 2221 299 2264 euru
322 2199 370 2264 Μ.
394 2200 574 2264 Antonio
596 2199 773 2262 fuerint.
827 2201 871 2263 Si
894 2199 985 2282 quis
1007 2220 1159 2272 eorum,
1195 2196 1260 2280 qui
1282 2218 1365 2260 eum
1389 2199 1447 2262 M.
1471 2203 1550 2264 An·

216 2291 334 2356 tenio
355 2304 465 2369 sunt,
498 2292 672 2366 iecerit,
709 2293 816 2373 quod
838 2294 990 2355 honore
1012 2289 1244 2371 praemiove
1267 2289 1431 2373 dignum
1459 2313 1550 2355 esse

217 2383 423 2459 videatur3
455 2383 508 2447 uti
537 2384 579 2449 C.
602 2385 730 2446 Pausa
754 2386 799 2446 A.
823 2382 989 2446 Hirtius
1012 2382 1207 2445 eonsules
1229 2382 1329 2443 alter
1351 2387 1548 2460 ambove,

215 2475 249 2541 si
270 2475 329 2539 eis
353 2476 582 2552 videbitur,
614 2479 659 2539 de
682 2475 766 2537 eius
788 2476 943 2539 bonore
965 2472 1199 2556 praemiove
1221 2473 1351 2555 primo
1381 2496 1550 2559 quoque

216 2568 346 2634 dicad
369 2580 546 2632 senatum
569 2569 766 2643 referant.
819 2566 862 2628 Si
884 2567 972 2648 quis
995 2577 1087 2647 post
1110 2567 1185 2628 boc
1206 2576 1368 2628 senatus
1390 2568 1551 2632 eonsul-

216 2661 293 2726 tism
317 2661 593 2724 adAntonium
616 2660 832 2739 proiectus
855 2670 962 2720 esset
984 2670 1149 2738 praeter
1167 2659 1209 2719 L.
1227 2658 1409 2732 Varium,
1435 2680 1550 2722 seam

217 2765 295 2816 tum
317 2751 640 2814 existimaturum
663 2772 748 2813 eum
772 2761 913 2814 contra
936 2771 1011 2812 rem
1035 2749 1240 2831 publicam
1262 2749 1429 2813 iecisse.
1467 2752 1549 2816 Phi·

216 2843 239 2905 li
288 2844 359 2916 .8,
385 2845 444 2913 11,
468 2842 522 2904 33.

239 2865 392 3011 pruas
415 2935 458 2994 ob
479 2953 531 2995 res
548 2932 596 2995 ita
618 2954 753 2996 censeo:
784 2933 879 2997 Cum
902 2934 993 2997 Ser.
1023 2932 1228 3014 Sulpicius
1260 2935 1304 3012 Q.
1335 2935 1376 2997 F.
1407 2936 1548 3000 Lemo·

217 3023 281 3087 nia
311 3024 462 3098 Rulus,
493 3024 755 3087 difficillimo
784 3026 843 3089 rei
873 3026 1067 3106 publicae
1098 3039 1303 3106 tempere,
1339 3028 1460 3105 gravi
1482 3049 1547 3109 pe·

216 3115 484 3197 riculosoque
518 3118 659 3178 morbo
690 3117 892 3191 allectus,
927 3117 1212 3180 auctoritatem
1242 3130 1408 3180 senatus
1443 3121 1547 3181 salu·

217 3218 376 3290 teaaque
403 3208 465 3270 rei
493 3203 815 3288 publicaeui'tae
843 3209 940 3271 suae
970 3209 1286 3289 praeposuerit,
1320 3222 1548 3292 contraque

216 3297 290 3361 vin
314 3301 643 3382 gravitatemque
672 3299 802 3361 morbi
825 3301 1102 3373 contenderit,
1136 3311 1175 3361 ut
1204 3302 1241 3362 in
1262 3312 1399 3362 castra
1422 3304 1548 3383 Anto·

216 3389 289 3467 aii,
315 3412 395 3472 quo
417 3403 580 3453 senatus
603 3412 684 3454 eum
708 3391 895 3465 miserat,
920 3392 1176 3473 pervenerit;
1207 3392 1341 3475 isque,
1366 3414 1450 3456 cum
1473 3395 1545 3456 iam

216 3503 348 3565 prope
371 3495 503 3546 castra
522 3483 718 3558 venisset,
739 3484 773 3545 vi
797 3483 925 3546 morbi
948 3504 1192 3563 oppressus.
1217 3484 1337 3546 vitam
1361 3485 1547 3549 amiserit

216 3570 256 3635 in
278 3575 443 3639 maximo
466 3574 526 3638 rei
548 3576 736 3655 publicae
760 3596 934 3647 munese3
951 3574 1119 3657 eiusque
1143 3597 1247 3639 mors
1269 3585 1546 3638 consentanea

216 3667 326 3732 ritae
358 3666 484 3730 luerit
517 3666 776 3729 sanctissime
811 3665 1182 3750 honestissimeque
1220 3681 1352 3742 actae,
1393 3666 1433 3728 in
1470 3687 1545 3748 qua

215 3780 338 3840 saepe
361 3780 500 3840 msgno
522 3757 610 3819 usui
633 3759 691 3820 rei
715 3759 901 3838 publicae
923 3761 1009 3820 Ser.
1032 3756 1255 3840 Sulpicius,
1279 3770 1318 3822 et
1340 3758 1543 3839 privatus,

215 3863 254 3914 et
277 3851 314 3912 in
336 3849 658 3932 magistratibus,
684 3850 824 3921 luerit3
856 3870 939 3911 ctam
963 3851 1055 3911 talis
1079 3851 1140 3912 vir
1163 3854 1213 3914 ob
1236 3872 1316 3913 rem
1339 3849 1545 3930 publicam

130 3948 135 3956 '
216 3942 253 4004 iu
277 3941 486 4023 legatione
511 3953 678 4003 mortem
703 3940 872 4003 obierit:
898 3941 1065 4004 Senatui
1089 3943 1271 4022 placere,
1296 3944 1384 4004 Ser.
1408 3940 1545 4021 Sulpi-

215 4031 282 4096 cio
305 4043 475 4094 statuam
498 4034 723 4112 pedestrem
747 4052 907 4094 aeneam
930 4032 965 4093 in
990 4033 1153 4095 Rostris
1177 4056 1222 4097 ex
1246 4032 1366 4094 buius
1388 4031 1545 4095 ordinis

215 4123 419 4185 sententia
441 4122 586 4196 statui,
611 4124 843 4204 circumque
865 4144 948 4184 enin
971 4134 1145 4186 statuam
1169 4126 1299 4187 locum
1327 4123 1435 4185 ludis
1465 4124 1546 4206 gt»

215 4213 535 4295 diatoribusque
567 4214 725 4275 liberos
757 4225 1036 4297 posterosque
1073 4217 1159 4278 eius
1197 4236 1360 4298 quoquo
1398 4236 1545 4279 versus

215 4308 337 4385 pedes
367 4305 545 4386 quinque
575 4307 740 4381 habere,
774 4309 884 4388 quod
912 4307 945 4368 is
968 4310 1016 4369 ob
1039 4327 1119 4370 rem
1143 4308 1342 4388 publicam
1374 4319 1543 4369 mortem

215 4393 387 4469 obierit,
412 4416 572 4478 eamque
594 4417 747 4459 caussam
771 4396 811 4481 in·
833 4399 917 4466 basi
939 4398 1134 4471 inscribi;
1164 4398 1304 4480 utique
1327 4397 1369 4462 C.
1393 4400 1541 4472 Pansa,

216 4486 263 4547 A.
287 4486 466 4562 Hirtius,
490 4490 700 4563 eonsules,
725 4491 829 4550 alter
851 4492 1036 4563 ambove,
1060 4490 1094 4552 si
1115 4490 1174 4552 eis
1197 4490 1401 4561 videatur,
1426 4510 1543 4572 quae·

214 4575 402 4649 storibus
425 4578 538 4641 urbis
559 4580 778 4661 imperent,
802 4593 843 4643 ut
866 4602 950 4644 eam
974 4581 1097 4644 basim
1121 4592 1369 4660 statuamque
1390 4579 1545 4643 lacien-

215 4666 300 4728 dan
328 4678 366 4730 et
393 4668 434 4732 in
462 4669 629 4735 Rostris
659 4676 910 4737 statuendam
940 4675 1094 4746 locent,
1129 4672 1355 4755 quantique
1376 4671 1541 4738 locare·
