3202 5318
218 1112 360 1174 Vaeuam
382 1109 461 1171 banc
482 1103 628 1188 paginam
647 1125 716 1166 enin
736 1114 882 1187 negasset
902 1125 937 1167 se
955 1123 1056 1187 aequo
1075 1102 1178 1166 anirno
1201 1103 1339 1168 laturum
1358 1116 1450 1188 typo·

133 1207 238 1280 tbeta,
263 1225 300 1266 ea
322 1223 398 1264 usus
418 1222 504 1274 suin,
528 1209 562 1261 ut
584 1198 776 1261 declararem
792 1218 893 1261 rnearu
912 1199 950 1261 de
970 1198 1045 1262 loeo
1065 1194 1232 1262 Ciceronis
1253 1198 1448 1262 conclamato

42 1292 49 1309 ’
134 1298 329 1363 sententiaro.
372 1295 455 1358 Enra
475 1291 585 1357 locum
605 1291 696 1367 dico,
728 1289 784 1375 qni
805 1291 836 1353 in
856 1291 995 1371 Oratore
1019 1290 1059 1352 ad
1083 1286 1135 1353 M.
1160 1288 1301 1353 Brutum
1322 1311 1397 1374 cap.
1420 1291 1448 1354 9.

32 1448 40 1459 .
134 1391 235 1476 volgo
258 1388 304 1450 sic
325 1385 494 1450 scribitur:

218 1481 305 1565 Quis
327 1501 437 1562 porro
464 1498 616 1562 anquam
637 1480 850 1542 Graecorum
877 1479 1054 1541 rhetorum
1077 1497 1099 1539 a
1125 1476 1330 1563 Thucydide
1357 1475 1450 1561 pisid·

135 1594 238 1659 quam
252 1570 381 1635 anxa?
403 1573 473 1652 „Ar
488 1571 651 1634 laudatus
666 1582 717 1634 est
732 1571 775 1634 ab
788 1569 980 1635 omnibus.”
1023 1575 1164 1635 Fateor:
1185 1571 1245 1634 sed
1268 1571 1321 1635 ita
1341 1583 1380 1634 ut
1402 1593 1450 1633 re·

135 1687 213 1730 ram
227 1665 422 1746 explicator
434 1662 605 1746 prudens,
628 1684 785 1737 seuerus,
801 1663 934 1748 grauis:
955 1684 1024 1727 non
1041 1675 1080 1726 ut
1095 1663 1130 1727 iu
1148 1662 1286 1727 isuliciis
1302 1676 1450 1727 versaret

135 1770 279 1832 causas,
313 1757 375 1822 sed
403 1769 442 1820 nt
469 1757 505 1820 in
525 1756 680 1821 historiis
709 1756 796 1819 bella
819 1768 993 1821 narraret.
1048 1760 1170 1840 Itaque
1195 1777 1374 1840 nunquam
1404 1768 1450 1818 est

135 1862 337 1915 numeratas
358 1861 493 1914 orator.
536 1851 611 1916 Nec
632 1871 731 1924 vero,
753 1850 785 1912 si
801 1851 984 1915 historiam
1004 1871 1074 1915 non
1095 1851 1308 1934 scripsisset,
1332 1869 1449 1915 norun

136 1945 211 2009 eius
232 1955 406 2019 exstaret,
430 1964 508 2006 cum
525 1942 732 2026 praesertim
741 1942 883 2035 fnisset
903 1946 1093 2008 honoratus
1113 1956 1146 2006 et
1167 1943 1306 2008 nobilis.

221 2039 421 2103 Postremam
436 2036 682 2100 enuntiationem
697 2039 785 2114 (Nec
798 2059 896 2112 vero,
920 2037 951 2099 si
965 2036 1147 2100 historiam
1162 2057 1230 2099 non
1248 2038 1448 2120 scripsisset,

134 2151 257 2195 nomen
277 2131 353 2195 eius
373 2142 547 2206 exstaret,
570 2151 648 2193 cam
668 2129 873 2213 praesertim
886 2126 1027 2219 fuisset
1047 2132 1237 2194 honoratus
1260 2143 1295 2194 et
1316 2133 1452 2208 nobilis)

134 2226 271 2307 ineptam
293 2244 380 2298 esse,
406 2224 494 2286 multi
515 2222 681 2297 viderunt,
705 2224 760 2286 sed
780 2243 872 2287 nemo
895 2223 997 2284 adhuc
1016 2243 1119 2306 neque
1135 2223 1330 2305 explicandis
1353 2246 1450 2307 neque

136 2317 335 2381 emendandis
354 2316 462 2380 verbis
483 2317 557 2382 luco
575 2308 653 2380 'hnic
668 2316 819 2379 medelam
835 2315 952 2378 attulit.
996 2318 1077 2379 Nam
1094 2338 1187 2400 quiam
1203 2317 1324 2380 Bakins
1345 2317 1450 2381 statuit

119 2412 166 2474 'in
192 2411 239 2474 his
258 2410 366 2474 verbis
388 2408 694 2492 breviloquentiam,
719 2422 753 2472 ut
773 2404 926 2472 sententia
948 2408 1010 2471 sit:
1032 2429 1092 2471 nec
1117 2431 1197 2472 vero
1218 2410 1250 2471 si
1274 2410 1450 2473 historiam

134 2524 203 2567 non
230 2504 440 2586 scripsisset,
476 2524 598 2566 nomen
624 2503 698 2566 eius
729 2513 900 2576 exstaret,
935 2514 973 2564 ret
1004 2523 1093 2564 nnnc
1126 2503 1280 2566 videmus
1314 2513 1449 2564 exstare

131 2609 320 2679 propterea
340 2598 444 2660 etiam
465 2597 557 2681 quod
576 2599 766 2659 honoratus
788 2607 870 2666 cet.,·
892 2594 920 2657 ei
942 2607 1071 2676 praeter
1096 2596 1250 2661 Orelliuna
1276 2618 1377 2658 rnenrn
1402 2598 1448 2656 rix

135 2691 301 2772 qnisquam
331 2689 536 2764 assentietur,
560 2696 591 2751 e‘t
613 2687 731 2750 inserta
754 2687 821 2749 sive
842 2698 912 2750 ante
936 2710 968 2751 v.
988 2709 1112 2752 nomen
1139 2689 1207 2752 sire
1227 2702 1303 2771 post
1327 2710 1360 2750 r.
1378 2690 1449 2751 eius

133 2784 323 2866 negatione,
348 2783 436 2866 qnod
460 2782 603 2845 lecerunt
620 2780 794 2867 Lambinus
817 2791 848 2841 et
872 2781 1060 2857 Schiitzins‚
1084 2795 1203 2844 rectum
1230 2782 1300 2844 'curn
1324 2802 1450 2863 praece·

137 2876 282 2936 dentibus
304 2876 476 2938 desiderari
498 2896 612 2937 nestun
634 2873 695 2936 iani
717 2873 893 2935 Brewerus
916 2873 1054 2936 notarit.
1106 2876 1258 2937 Attamen
1281 2878 1401 2937 medela
1422 2876 1450 2935 in

137 2980 289 3047 promptu
311 2979 379 3031 est:
403 2981 438 3031 tu
458 2970 554 3032 modo
573 2988 693 3029 meeum
709 2965 839 3048 iungas,
861 2986 941 3049 qnae
965 2966 1143 3050 iungenda,
1167 2968 1351 3052 disiungas,
1375 2989 1449 3050 quae

138 3059 343 3143 disiungendn
366 3073 454 3136 sunt,
476 3063 539 3124 hoc
561 3062 678 3124 modo:

221 3153 307 3235 Quis
332 3175 443 3236 porro
471 3174 623 3237 unquam
650 3156 864 3217 Graecorum
892 3153 1068 3215 rhetorum
1087 3174 1111 3215 a
1132 3154 1336 3240 Iliacydide
1357 3154 1452 3239 quid·

56 3245 59 3249 ’
100 3248 238 3331 ‘msam
260 3246 389 3309 duait?
432 3298 448 3327 „
458 3250 506 3311 At
527 3247 689 3309 laudatas
710 3254 761 3306 est
783 3245 826 3307 ab
847 3245 1040 3307 omnibas.”
1084 3250 1222 3310 Fateor:
1254 3249 1316 3311 sed
1341 3249 1391 3311 ita
1415 3261 1453 3309 ut

137 3358 255 3412 rerum
275 3339 468 3419 explicator
486 3339 656 3420 prudens,
679 3359 833 3411 seuerus,
857 3338 993 3419 groais3
1016 3360 1085 3403 non
1106 3352 1144 3402 ut
1165 3340 1200 3402 in
1223 3340 1360 3404 iudiciis
1381 3363 1451 3403 ver·

137 3442 229 3492 soret
244 3451 387 3505 causas,
411 3431 472 3493 sed
492 3443 531 3494 at
551 3431 588 3493 in
609 3432 762 3494 historiis
783 3430 869 3493 bello
890 3445 1069 3495 narraret:
1091 3468 1130 3480 —
1152 3433 1267 3516 itaque
1281 3454 1450 3517 rrunquam

137 3533 189 3584 est
210 3534 409 3586 numeratus
431 3535 572 3593 orator,
603 3545 662 3585 aec
684 3545 781 3596 ver0,
809 3524 840 3585 si
861 3523 1043 3587 historiam
1064 3547 1132 3590 non
1152 3527 1363 3609 scripsisset,
1395 3548 1452 3586 nn-

122 3633 214 3679 'mett
234 3616 309 3679 eius
332 3629 505 3678 exstaret:
522 3647 561 3659 —
583 3638 660 3678 cum
679 3615 885 3698 praesertim
896 3616 1032 3707 fuisset
1053 3621 1241 3682 honoratus
1263 3631 1296 3681 et
1319 3618 1450 3683 nobilis.
