3202 5318
135 343 176 451 ff
741 335 894 403 INDEX
994 402 997 409 .

93 456 118 503 '‘
134 495 188 549 tur
210 505 265 561 ca,
289 503 389 571 cuum¹
404 479 521 546 Graeci
539 473 694 557 ὶῦταξίαν
717 478 900 541 nominant:
931 499 996 543 uoo
1020 479 1119 554 hauc,
1151 501 1245 565 quam
1268 479 1462 562 interprete·

135 601 205 642 uum
229 576 433 661 modestiam,
468 594 534 658 quio
564 573 596 636 in
620 575 723 637 uerbo
747 574 860 636 modus
883 572 988 636 inest:
1023 573 1154 638 sedilia
1177 576 1401 652 εεῑεῦταξία,
1436 574 1466 638 iu

134 695 196 760 qua
218 671 403 756 intelligitur
430 668 552 732 ordinis
575 665 820 732 conscrvatio.”
865 669 904 730 de
928 666 1029 731 ome.
1052 667 1084 731 1.
1107 669 1167 742 10,
1200 669 1274 736 119.

220 768 396 841 Εὕτοκεῐν,
410 761 575 855 feliciter
594 783 732 846 parere.
759 761 1055 841 „Qriod(Tu11is)
1079 761 1271 841 ηὐτόκησεν,
1296 765 1467 849 gaudeo.''

134 866 173 929 ad
196 863 265 931 Au.
287 861 335 924 Χ.
360 859 418 933 18,
442 863 474 921 1.
997 908 1000 913 .
1134 902 1138 911 »

145 989 149 996 ·
216 958 439 1039 Εὐτραπελία.
484 955 523 1017 ad
547 952 640 1017 Pam.
664 951 830 1027 vunnu,
856 956 887 1014 1.
945 951 1140 1016 Aristoteles
1161 953 1193 1017 in
1219 950 1344 1019 Ethiois
1366 951 1477 1017 inter«.

132 1061 305 1134 pretaturz
345 1053 602 1132 nanciscendum
629 1048 748 1134 ὕβριν,
780 1067 851 1111 cum
887 1045 1107 1111 conviciamur
1135 1057 1189 1111 aut
1219 1042 1468 1132 perstringimus

132 1144 277 1209 homines
307 1143 484 1228 ingeniosa·
504 1143 609 1226 aliqua
637 1143 774 1205 ratione.
818 1141 911 1207 Unde
941 1140 1127 1224 Eutrapeli
1158 1140 1249 1205 dicti.
1306 1137 1468 1207 uantur

134 1230 345 1314 Volumnius,
370 1238 411 1305 ad
431 1258 525 1320 quem
548 1236 649 1301 utitur
669 1237 734 1298 hoo
757 1237 861 1301 verbo
885 1232 1025 1308 Cicero,
1057 1238 1272 1319 Eutrapelus
1294 1235 1399 1298 dictus
1421 1243 1468 1297 rot

133 1344 270 1417 propter
298 1334 527 1418 εὐτραπελίαν.
582 1331 646 1397 Sed
674 1331 759 1393 hunc
779 1328 884 1411 ipsum
908 1328 1067 1395 hominem
1091 1329 1284 1394 Plutarchus
1306 1327 1339 1392 io
1363 1327 1467 1393 Bruto

135 1437 233 1495 vocat
253 1441 372 1510 μῖμον,
402 1446 495 1510 quiem
520 1427 626 1489 locum
648 1419 819 1489 Victorius
842 1425 936 1488 adh.
961 1423 985 1486 l.
1007 1423 1140 1504 ¹.'sttulit;
1163 1445 1201 1491 ex
1224 1445 1291 1509 quio
1312 1423 1468 1508 intelligi·

134 1531 207 1599 tur,
232 1525 447 1609 εὐτραπελίαν
472 1540 542 1587 esse
564 1518 775 1583 urbanitatem
797 1518 828 1581 in
851 1539 947 1581 sensu
968 1511 1143 1594 deteriori,
1173 1519 1213 1582 ‹ie
1235 1538 1298 1602 qua
1322 1539 1357 1583 r.
1380 1517 1469 1583 Gro-

135 1637 215 1681 nov.
238 1617 277 1677 de
301 1617 437 1678 Sestert.
460 1634 496 1696 p.
520 1614 600 1691 318,
623 1614 712 1689 319„
736 1612 807 1677 scil.
829 1612 985 1676 mimicam
1008 1613 1172 1689 facetiam,
1196 1611 1364 1677 ridiculam
1384 1609 1490 1677 iiiam·

138 1709 284 1797 quidem,
309 1711 451 1772 sednon
475 1707 580 1791 magni
601 1706 777 1771 iacientium
800 1720 853 1771 auu
876 1707 965 1777 nimis
981 1706 1193 1790 ingeniosam.
1217 1707 1332 1790 ltaque
1348 1703 1468 1777 Cicero

135 1801 169 1867 iu
189 1802 250 1873 hac
273 1800 410 1884 epistola
432 1803 473 1865 ad
496 1801 723 1876 Volumnium,
754 1800 810 1886 qui
832 1805 901 1867 κατ’
929 1801 1064 1880 ε’ξοχὴν,
1097 1801 1143 1865 uti
1165 1799 1320 1879 diximus,
1352 1802 1470 1869 Eutra-

134 1894 227 1978 pelus
249 1896 351 1959 dictus
374 1907 439 1971 cst,
463 1907 569 1958 tamen
592 1907 626 1958 ut
646 1916 759 1977 parum
781 1907 931 1980 argutum
955 1895 1115 1960 hominem
1138 1894 1244 1958 ridet:
1268 1897 1311 1961 In
1328 1916 1467 1979 posset-

133 1989 246 2065 sione,
269 1988 390 2074 inquit,
414 1989 608 2055 salinarum
624 2010 781 2064 mearum
806 1992 976 2054 neminem
997 1991 1102 2054 timeo
1118 2000 1259 2073 praeter
1279 2000 1328 2055 ts.
1360 1991 1469 2063 Putas

134 2097 168 2147 te
190 2083 440 2148 victorianum
462 2083 600 2149 demum
621 2084 781 2167 intelligo
801 2095 835 2149 te
857 2106 992 2168 sapere.
1015 2085 1118 2149 Recte
1141 2104 1223 2168 ergo
1243 2083 1379 2149 Paullus
1392 2106 1468 2169 pro·

135 2179 224 2241 hibet
244 2181 478 2264 εὐτραπελίαν,
503 2179 537 2241 h.
562 2200 590 2241 e.
613 2177 767 2241 mimicam
791 2190 822 2240 et
844 2179 1011 2242 scurrilem
1034 2177 1193 2244 facetiam.
1235 2177 1389 2247 cereum
1406 2200 1469 2249 uos

82 2330 85 2336 .
138 2272 269 2348 dubito,
305 2272 380 2358 quio
411 2274 474 2337 hoo
497 2275 631 2337 verbum
654 2272 812 2336 interdum
835 2273 928 2337 ctiam
951 2275 1070 2346 honum
1094 2294 1221 2341 sensum
1250 2273 1387 2352 hebeat,
1424 2274 1469 2337 iu·

135 2366 246 2524 primtis
265 2368 350 2451 apud
370 2379 495 2439 veteres
518 2366 661 2435 Atticos.
686 2365 752 2432 rid.
776 2368 948 2432 Vavaesor
969 2368 1008 2432 (ie
1027 2366 1151 2432 ludicra
1173 2367 1316 2442 dictione
1338 2388 1375 2451 ρ.
1392 2367 1465 2434 989.

137 2462 187 2525 ed.
242 2459 304 2543 ips.
350 2462 436 2526 Eun.
570 2532 572 2539 ,

219 2557 509 2644 Εὕχρηστῆματα,
536 2556 730 2622 commode.
778 2557 1012 2631 ,Incommoda
1040 2568 1071 2620 et
1099 2559 1268 2625 commoda
1295 2557 1358 2636 (ita
1388 2555 1469 2625 suits

136 2651 389 2735 εὔχρηστήματα
419 2664 450 2716 ct
476 2653 754 2737 δυσχρηστήματα
783 2652 932 2733 appello)
965 2645 1143 2717 communia
1171 2673 1243 2716 csso
1272 2651 1467 2727 voluerut,

140 2743 229 2829 paria
252 2746 469 2809 uoluerunt.’'
514 2748 553 2809 de
577 2746 672 2808 Finn.
697 2745 764 2812 111.
787 2746 847 2822 91,
873 2748 926 2811 69.

215 2836 387 2920 Ἔφοδος,
412 2838 615 2903 insinuatio.
642 2838 888 2913 „Exordiorum
913 2843 977 2904 duo
999 2853 1072 2904 suunt
1095 2861 1232 2925 genera,
1256 2838 1468 2924 principium,

138 2933 224 3015 quod
253 2934 379 2996 Graece
406 2945 582 3018 προοίμιον
605 2932 803 3016 appellatur,
839 2945 871 2998 et
892 2934 1081 3012 insinuatio,
1116 2934 1239 3020 quaec*
1308 2960 1345 3010 or
1366 2933 1469 2998 nomi·

144 3037 249 3089 natur.
284 3059 324 3069 -·
376 3028 466 3091 Inter
497 3026 738 3092 insinuationem
770 3039 802 3090 et
828 3027 1019 3112 principium
1047 3030 1112 3093 hoe
1146 3029 1249 3093 intere
1281 3070 1291 3093 .
1345 3026 1470 3093 Princi-

139 3119 225 3202 pium
256 3118 412 3186 eiusmodi
440 3123 535 3184 debet
564 3142 653 3196 esse,
685 3131 718 3183 ut
750 3120 855 3186 rtatim
878 3123 998 3206 apertis
1019 3122 1214 3200 rationibus,
1237 3121 1356 3208 quihus
1378 3132 1476 3206 praei

137 3213 346 3297 scripsimus,
376 3224 430 3278 aut
452 3214 645 3280 benevolum
668 3225 722 3279 aut
744 3227 896 3281 attentum
919 3229 973 3283 aut
994 3217 1131 3285 (iocilcm
1161 3215 1316 3287 iaciamus
1347 3217 1472 3285 audito-

138 3329 229 3371 rem:
252 3321 284 3372 at
306 3308 478 3375 insinuatio
501 3308 657 3375 eiusmodi
680 3312 775 3375 debet
796 3331 883 3388 esse,
908 3323 942 3375 ut
957 3310 1084 3376 occuito
1105 3332 1166 3394 per
1188 3309 1469 3381 dissimulationem

139 3405 249 3467 eadem
272 3403 323 3466 illa
348 3406 452 3468 omnin
476 3403 722 3469 conficiamus.'’
767 3407 807 3468 nd
829 3406 976 3470 Herenn.
1001 3407 1032 3469 l.
1057 3408 1094 3482 1,
1118 3408 1138 3469 6
1160 3417 1191 3471 et
1212 3405 1244 3470 1.
1268 3406 1304 3482 t,
1332 3408 1388 3470 11.

215 3498 365 3574 “Ἐωλος,
393 3518 463 3563 non
490 3519 625 3574 recens,
658 3499 843 3565 obsoletus.
901 3503 982 3581 „Tu
1009 3510 1113 3565 autem
1144 3502 1312 3567 commode
1333 3499 1470 3578 fereris,

139 3589 166 3654 si
191 3589 336 3677 reliquos
365 3594 424 3668 (de
453 3591 588 3655 Finibus
619 3591 742 3670 libros)
772 3592 987 3669 continueris,
1023 3614 1062 3658 ne
1085 3605 1117 3661 et
1145 3593 1474 3680 &impromiscuum

139 3684 260 3750 Bsibus
283 3697 314 3747 et
336 3687 425 3751 ἕωλα
449 3685 607 3752 Brutus.''
653 3684 911 3753 aduuxttl.
935 3688 1053 3764 91,1.
1098 3684 1199 3753 Cori.
1219 3687 1278 3764 99,
1303 3687 1347 3753 3:
1373 3688 1472 3769 „tto-

137 3780 241 3844 lebam
263 3790 318 3842 aru
338 3781 528 3845 obsoletum
550 3780 654 3846 Bruto
677 3792 731 3847 aut
753 3781 859 3848 Balbo
881 3782 1083 3849 inchoatum
1093 3780 1391 3858 dari.''-‘'Eoior
1400 3780 1471 3864 cpi·

138 3873 236 3941 uota.
258 3877 299 3941 ad
321 3874 413 3940 Fam.
436 3874 502 3941 IX.
526 3874 563 3951 9,
592 3877 624 3938 1.

778 4062 833 4144 Ζ.

223 4255 441 4334 Ζηλοτυπεῐτ,
474 4251 667 4328 cremationi,
700 4252 865 4317 inuidere.
924 4253 1090 4329 „Deiotie,
1129 4272 1222 4338 quem
1259 4260 1472 4332 ζηλοτυπείν,

139 4342 309 4412 nisi·1orte
332 4348 489 4412 Brutum:
525 4368 620 4433 quiem
647 4345 676 4425 si
693 4368 757 4410 non
778 4354 963 4428 ζηλοτυπεῖ,
999 4349 1100 4411 minito
1126 4347 1337 4415 Hortensium
1368 4347 1475 4413 ninus

140 4451 194 4501 aut
215 4459 290 4517 eos,
315 4440 370 4525 qui
393 4444 432 4507 de
455 4441 640 4524 republica
663 4441 852 4525 loquuntur.
862 4441 881 4470 ”
905 4445 944 4505 ad
967 4443 1039 4505 Au.
1064 4442 1166 4507 XiII.
1192 4442 1245 4506 18.

224 4535 435 4613 Ζηλοτυπία,
462 4535 667 4613 oemulatiO,
695 4536 913 4603 obtrectatio.
959 4535 1169 4612 „liadicabam
1191 4535 1339 4601 duriores
1360 4546 1473 4619 partes

140 4622 217 4691 mihi
238 4624 404 4710 impositas
429 4651 499 4694 esse
525 4632 564 4694 ab
588 4628 769 4697 ofsensione
792 4643 920 4708 nostra,
947 4650 1029 4714 quae
1052 4631 1152 4716 magis
1174 4638 1386 4713 εζρλοτυπίᾳ
1403 4650 1475 4695 tou

141 4742 236 4809 quam
255 4723 295 4787 ab
320 4721 432 4789 iniuria
454 4735 508 4793 tua
531 4737 604 4791 usta
625 4725 713 4793 cst.’'
757 4728 797 4790 ad
818 4728 889 4794 Ao.
911 4726 958 4791 X.
981 4723 1064 4803 8Α,
1089 4730 1121 4790 1.
1148 4758 1186 4770 -
1226 4723 1473 4809 „Obtrectatio
