3202 5318
131 376 193 440 946
614 370 764 435 INDEX
789 369 970 435 LEGUM.

135 515 185 581 Il.
220 514 276 591 46,
312 515 345 578 9.
378 547 415 561 -
470 513 670 601 Αἱρεθέντες
701 496 760 576 οὖν
793 501 913 578 ὕπατοι·
948 505 1105 598 Κράσσος
1136 536 1169 580 τε
1201 521 1256 584 καὶ
1289 502 1470 597 Πομπήϊος

137 612 286 697 Kassope
318 606 375 690 τὴν
401 610 515 699 ἑτέραν
544 629 734 672 narraretur
754 608 1066 698 προσεψηφίσαντο.
1110 608 1253 692 Appiae.
1277 611 1364 677 Bell.
1391 603 1468 676 civ.

224 798 325 879 „Duo
348 809 494 878 tempora
521 794 715 866 inciderunt,
748 793 863 880 quibus
890 794 1008 879 aliquid
1035 808 1148 861 contra
1171 795 1347 863 Caesarem
1370 798 1471 863 Pom·

139 892 214 978 peio
235 890 408 967 seraserim3
431 890 586 971 eanclitn
611 889 843 970 reprehendas,
869 888 894 953 si
922 903 1038 973 potes:
1067 913 1179 969 ocrim,
1202 914 1241 957 ne
1263 889 1473 979 quinquennii

140 988 308 1070 imperium
331 984 464 1050 Caesari
487 995 703 1066 prorogaret3
724 978 875 1059 alterum,
900 1006 938 1047 ne
964 997 1127 1067 pateretur
1154 986 1252 1062 ferri,
1277 999 1312 1051 ut
1334 984 1473 1052 abacistis

141 1081 208 1146 cirrs'
230 1082 314 1145 ratio
342 1082 525 1142 baberetur.
572 1078 717 1158 Quorum
743 1076 770 1139 si
794 1078 949 1141 utrumvis
973 1080 1213 1160 persuasisseru,
1247 1081 1278 1145 iu
1300 1082 1359 1146 has
1381 1079 1473 1145 mise·

108 1168 386 1260 <rias'nuoquanr
410 1169 662 1237 incidisseurus.’'
706 1169 847 1255 Philipp.
870 1172 918 1236 ll.
944 1176 1000 1249 10,
1024 1175 1076 1242 94.
1123 1174 1221 1242 Cous.
1244 1178 1433 1241 tarseus.

513 1390 694 1452 Porsennae
718 1389 759 1451 de
782 1388 815 1451 υἱ
837 1399 868 1452 et
890 1389 932 1453 de
953 1390 1098 1455 ambitu.

229 1551 432 1634 „Pompeius
446 1562 519 1630 post
532 1548 612 1610 diem
630 1548 758 1611 tertium
774 1552 881 1633 (quam
899 1549 1097 1613 consularem
1112 1551 1201 1616 solus
1220 1550 1333 1615 inierat
1349 1573 1380 1616 a.
1391 1572 1427 1616 n.
1438 1573 1469 1616 c.

145 1653 228 1729 tot.)
252 1653 289 1710 de
312 1646 435 1731 legibus
458 1643 550 1707 noris
576 1643 716 1707 lereodis
739 1644 880 1718 rettulit,
913 1648 989 1709 duas
1009 1666 1048 1706 ex
1070 1658 1195 1710 senatus
1217 1647 1367 1710 consrrlto
1394 1665 1470 1728 pro·

146 1743 323 1828 mitigavit:
354 1741 483 1802 alteram
507 1737 548 1800 de
571 1739 620 1811 υἱ,
646 1760 707 1822 qua
732 1738 916 1802 nominatim
944 1741 1070 1801 caedem
1096 1739 1126 1802 in
1149 1740 1256 1822 Appia
1280 1739 1330 1804 via
1354 1739 1470 1803 facturn

145 1853 175 1904 ct
197 1835 371 1901 incendium
395 1833 500 1894 curiae
524 1843 555 1894 et
579 1837 705 1921 douuun
731 1835 783 1898 M.
809 1831 925 1914 Lepidi
950 1832 1121 1918 interregis
1144 1846 1364 1920 oppugnatam
1385 1854 1473 1900 corn-

145 1931 329 2015 prebeodit,
365 1930 494 1990 alteraru
525 1927 566 1989 de
594 1927 744 1999 arabiam·
777 1949 878 2009 poena
907 1926 1059 2010 graviore
1090 1939 1122 1990 et
1152 1928 1255 1993 foruna
1282 1925 1472 2001 iudiciorum

146 2027 314 2091 breviore:
338 2034 473 2106 utraque
496 2020 576 2082 enirn
597 2022 648 2082 lex
668 2018 758 2101 prius
782 2033 878 2084 testes
901 2022 967 2082 dari
990 2022 1064 2102 [per
1087 2021 1257 2104 triduum],
1283 2022 1472 2087 deluderes

146 2121 313 2200 dicatque
335 2119 445 2178 eodem
469 2125 500 2177 et
521 2116 560 2175 ab
581 2124 765 2177 accusatore
788 2126 819 2177 et
843 2117 882 2178 ab
902 2137 961 2179 reo
985 2116 1131 2198 perorari
1153 2114 1259 2192 iubet,
1285 2115 1326 2179 ita
1344 2128 1378 2178 ut
1394 2117 1473 2178 duae

147 2216 245 2297 borae
277 2207 475 2283 accusatori,
510 2221 574 2271 tres
604 2228 661 2271 reo
688 2209 874 2271 darentur.”
920 2214 1041 2273 Aaron.
1069 2209 1100 2272 io
1132 2211 1251 2275 Milon.
1282 2233 1317 2295 p.
1348 2210 1404 2276 37.
1434 2242 1474 2255 -

148 2307 275 2374 Perlata
299 2305 371 2385 lege
395 2301 567 2385 Pompeii,
602 2303 633 2364 in
657 2323 717 2386 qua
744 2300 776 2363 id
804 2323 931 2386 quoque
956 2303 1109 2385 scripturn
1133 2316 1218 2379 crat,
1253 2318 1287 2369 ut
1312 2306 1475 2390 quaesitor

147 2400 302 2484 suffragio
324 2398 435 2481 populi
458 2396 576 2470 exiis,
602 2395 657 2478 qui
675 2397 821 2459 consules
844 2397 988 2468 fuerant,
1013 2409 1195 2473 crearetur,
1220 2399 1324 2463 statim
1346 2400 1474 2466 comitia

148 2488 275 2569 babuit,¹
312 2505 503 2575 creatusque
535 2503 581 2553 est
612 2490 655 2551 L.
685 2490 843 2553 Domitius
867 2482 1081 2555 Ae'uobmbus
1108 2491 1304 2575 quaesitor.’'
1351 2495 1473 2560 Aaron.

146 2591 179 2654 in
203 2591 323 2653 Milon.
348 2609 380 2668 p.
405 2586 458 2649 39.
482 2619 522 2631 -
557 2583 679 2664 „Citati
702 2595 797 2647 testes
819 2590 989 2648 secundum
1016 2585 1136 2667 legem,
1159 2607 1241 2668 qnae
1262 2585 1406 2660 iubebat,
1440 2599 1475 2650 ut

147 2685 254 2765 prius,
281 2702 373 2765 quant
391 2701 483 2742 carrea
504 2689 672 2762 ageretur,
696 2690 790 2740 testes
807 2700 864 2759 per
884 2680 1019 2742 triduum
1036 2679 1238 2756 audirentur,
1263 2682 1472 2748 dicta'eorrua

147 2778 267 2841 iudices
292 2775 537 2848 confirmarent,
570 2785 681 2855 quarta
704 2773 754 2834 die
775 2775 882 2834 adesse
906 2795 1014 2835 ornnes
1041 2773 1070 2835 in
1094 2775 1173 2836 diem
1194 2788 1359 2857 posterum
1385 2777 1475 2840 iube·

148 2883 276 2944 rentur,
309 2891 345 2930 ac
370 2890 477 2931 corato
503 2879 690 2929 accusatore
718 2888 754 2927 ac
776 2887 833 2928 reo
858 2865 958 2947 pilae,
994 2868 1024 2929 in
1048 2867 1163 2951 quibus
1187 2869 1313 2932 nornine
1339 2871 1474 2934 iudicum

150 2965 299 3045 inscripta
324 2975 447 3037 essent,
480 2973 709 3043 aequarentur3
741 2963 809 3021 dein
836 2981 944 3022 rursus
968 2972 1095 3041 postera
1119 2962 1168 3025 die
1188 2962 1316 3027 sortitio
1339 2964 1475 3028 iudicum

151 3060 244 3120 lieret
269 3057 358 3118 unius
382 3069 412 3118 et
437 3058 622 3137 octoginta:
646 3055 700 3136 qui
725 3074 872 3115 numerus
900 3075 970 3115 curn
993 3062 1083 3119 sorte
1110 3055 1292 3139 obtigisset,
1319 3058 1379 3139 ipsi
1399 3080 1478 3141 pro·

153 3151 235 3213 tinus
258 3171 376 3212 sessuro
400 3150 500 3224 irent;
534 3161 598 3209 tutu
626 3150 663 3209 ad
689 3147 851 3209 dicendum
879 3161 1046 3211 accusator
1071 3151 1147 3213 duas
1175 3153 1292 3227 horas,
1316 3174 1390 3217 reus
1414 3167 1478 3215 tres

154 3247 304 3318 baberet,
335 3265 470 3328 reusque
493 3245 603 3306 eodem
627 3242 677 3303 die
700 3242 756 3305 illo
781 3240 991 3316 iudicaretur3
1023 3243 1110 3324 prius
1140 3258 1263 3321 autem,
1288 3266 1382 3329 quam
1409 3269 1480 3310 sen·

152 3339 268 3402 tentiae
288 3337 468 3411 ferrentur,
494 3338 607 3420 quinos
630 3358 669 3399 ex
690 3334 824 3418 siugulis
850 3336 1014 3398 ordinibus
1040 3352 1222 3413 accusator,
1248 3340 1382 3404 totidem
1406 3364 1479 3405 reus

153 3432 316 3507 reliceret,
343 3432 382 3493 ita
411 3444 443 3493 ut
467 3451 616 3492 numerus
640 3429 776 3492 iudicum
801 3428 1051 3512 relinqueretur,
1074 3428 1131 3517 'qui
1151 3435 1320 3499 sententias
1343 3434 1477 3510 ferrent,

155 3525 381 3612 quinquaginta
405 3536 437 3589 ct
460 3524 573 3587 unus.”
618 3527 741 3587 Ascon.
766 3523 795 3583 in
823 3523 938 3587 Milon.
963 3547 996 3606 p.
1023 3528 1074 3590 40.

167 3628 170 3635 ’
208 3618 211 3623 ’
237 3623 325 3702 „cea
341 3621 524 3703 Pompeius
540 3617 708 3703 rogatione
729 3637 784 3679 sua
808 3629 838 3680 et
861 3620 899 3680 de
922 3641 956 3681 rc
977 3623 1062 3683 etde
1084 3642 1193 3684 caussa
1215 3621 1387 3685 iudicavit:
1411 3621 1479 3685 tulit

157 3715 237 3778 enim
258 3718 295 3777 de
317 3716 432 3788 caede,
458 3712 582 3796 quaein
601 3710 705 3792 Appia
725 3710 774 3772 via
790 3710 873 3773 lacta
889 3724 990 3785 esset,
1016 3713 1045 3776 in
1062 3736 1122 3798 qua
1140 3716 1180 3779 Ρ.
1198 3714 1332 3780 Clodius
1354 3713 1477 3780 occisus

158 3809 273 3873 essct.'’
303 3829 363 3890 pro
389 3809 513 3871 Milone
536 3807 570 3878 6,
599 3807 649 3869 ts.
673 3835 713 3847 -
737 3806 825 3883 „em
843 3806 1044 3888 Pompeius,
1071 3808 1124 3893 qui
1149 3822 1224 3871 tuuc
1248 3810 1377 3872 tertium
1401 3830 1479 3873 coo-

68 3916 79 3931 ·“
157 3907 290 3967 sulatum
308 3905 459 3981 gerebat,
479 3901 550 3963 tulit
563 3901 684 3983 legem,
702 3909 735 3960 ut
752 3901 790 3959 de
806 3920 841 3960 ea
860 3905 954 3963 caede
970 3915 1058 3964 extra
1075 3905 1217 3966 ordinem
1234 3903 1480 3988 qrtaereretur.''

156 3997 267 4062 Schol.
293 3997 378 4060 Bob.
403 4018 435 4077 p.
460 3996 533 4058 tto.
568 4024 606 4038 —
642 3992 851 4073 „Pompeius
868 3993 1020 4072 iusserat,
1039 4011 1070 4060 ut
1092 4000 1129 4060 de
1149 4010 1250 4062 morte
1266 3996 1375 4063 Clodii
1391 4010 1482 4061 extra

157 4091 300 4154 ordinem
317 4100 541 4172 quaereretur,
567 4089 628 4149 boc
644 4097 707 4160 cst,
734 4107 773 4148 co
789 4098 951 4167 ternpore,
977 4112 1042 4173 qrro
1058 4091 1172 4154 indicia
1185 4091 1331 4153 silebant.
1368 4092 1481 4154 Schol.

157 4188 305 4250 Gronov.
328 4207 359 4265 p.
383 4185 458 4247 443.
480 4215 521 4227 -
545 4183 620 4263 „De
644 4191 747 4262 morte
770 4182 810 4243 P.
836 4181 942 4246 Clodii
968 4184 1026 4247 luit
1052 4183 1195 4269 quaestio
1222 4185 1381 4248 nonsatis
1408 4207 1484 4267 pru·

158 4281 269 4342 deuter
295 4278 346 4340 illa
373 4278 497 4362 quidem
528 4277 709 4339 constituta.
755 4274 838 4353 Quid
867 4277 947 4340 enirn
977 4278 1130 4343 attinebat
1159 4301 1241 4343 nova
1274 4281 1346 4364 lege
1372 4280 1484 4364 quaeri

160 4374 198 4434 dc
230 4395 288 4445 eo,
324 4374 378 4457 qui
401 4372 556 4436 hominem
581 4368 766 4447 occidisset,
789 4390 859 4431 cunr
875 4387 957 4436 esset
977 4373 1100 4459 legibus
1116 4374 1261 4460 quaestio
1286 4373 1485 4439 constituta?

96 4513 99 4521 .
160 4466 342 4545 Quaesitum
360 4480 405 4528 est
425 4464 561 4528 tauren.’'
607 4463 749 4544 Philipp.
775 4465 820 4527 ll.
845 4466 882 4539 9,
908 4469 959 4530 99.

247 4560 361 4637 „Dixit
383 4560 515 4623 iudicent
539 4581 670 4642 operatu
696 4558 771 4621 dare
792 4560 853 4623 sibi
876 4560 1079 4625 constituisse
1101 4584 1140 4627 eo
1164 4562 1214 4627 dic
1235 4562 1323 4645 ipso,
1355 4585 1423 4648 quo
1445 4565 1483 4624 dc

160 4650 265 4714 Sestio
289 4665 401 4716 nostro
424 4655 496 4737 lege
519 4656 681 4737 Pompeio
703 4657 735 4720 iu
757 4653 923 4717 consilium
954 4655 991 4717 iri
1019 4677 1147 4721 necesse
1177 4669 1256 4723 erat.
1299 4656 1371 4722 Scis
1401 4657 1483 4721 enim

159 4742 222 4807 dics
245 4743 371 4809 illorum
395 4746 582 4835 iudiciorum
605 4750 810 4831 praestitutos
830 4747 964 4814 fuisse.’'
996 4751 1035 4813 ad
1058 4750 1130 4817 Au.
1152 4751 1255 4817 xttl.
1278 4751 1337 4830 49,
1364 4753 1397 4815 l.
