3202 5318
192 350 257 424 270
678 352 830 423 INDEX
850 344 1035 422 Lunum.

191 502 250 566 sed
276 498 368 565 etiarn
391 509 463 563 ante
489 495 521 562 iu
548 496 624 585 lege
645 498 811 573 Seruilio:
845 519 905 583 per
931 499 1008 563 deos
1030 494 1242 562 immortales!
1279 495 1355 581 quid
1377 492 1522 580 agimus,

190 582 336 661 indices?
369 602 423 657 aut
447 613 540 679 quem
561 593 647 657 hunc
672 614 791 658 rnorem
819 615 978 659 novorum
1005 591 1193 657 iudiciorum
1218 590 1252 655 in
1274 610 1342 654 rem
1364 588 1524 674 publicam

190 686 417 756 inducimus?''
460 709 522 772 pro
546 688 662 753 Rabir.
686 689 845 755 Postumo
869 690 906 763 l,
932 690 965 754 9.
1422 765 1424 775 ¹

277 782 448 868 „olmeto
468 781 590 867 primus
612 782 704 858 tulit,
729 795 761 846 nt
781 783 1119 868 comperendinaretur
1140 803 1233 858 reus3
1256 790 1346 845 antea
1370 779 1424 844 vel
1445 776 1526 842 iudi·

190 875 260 945 cari
280 875 386 962 priano
409 889 536 962 poterat
559 876 611 941 rel
635 876 811 961 amplius
834 878 1071 962 pronuntiari.''
1107 879 1208 944 Verr.
1231 876 1286 942 lib.
1308 874 1338 940 1.
1363 873 1401 950 9,
1426 873 1482 937 76.

231 1050 234 1055 Ι
276 971 392 1057 „Ante
414 970 517 1056 legem
543 974 709 1036 Glauciae
734 973 772 1035 de
795 973 1128 1056 comperendinatione
1159 973 1212 1036 aut
1237 969 1342 1035 statim
1367 964 1524 1032 sententia

191 1063 377 1153 dicabatur,
402 1063 429 1129 si
450 1064 665 1131 absolvendus
687 1075 772 1129 esset
794 1087 890 1143 reus,
914 1078 968 1130 aut
990 1065 1163 1150 amplius
1185 1063 1471 1150 pronuntiabatur,
1497 1058 1524 1123 si

191 1150 355 1249 videretur
383 1178 452 1224 esse
482 1160 696 1236 damnandus,
731 1180 802 1222 cunr
829 1156 983 1225 dixissent
1012 1162 1130 1224 iudices
1161 1162 1249 1225 Non
1279 1157 1427 1241 liquet,
1462 1154 1524 1219 boe

190 1266 258 1337 est,
281 1255 442 1321 Obscura
461 1274 568 1320 causa
588 1252 672 1320 est.”
716 1255 1038 1320 Pseudo-Asconius
1061 1278 1095 1338 p.
1120 1256 1194 1321 tot.
1297 1312 1303 1323 .

220 1356 224 1363 '
275 1348 400 1433 ,Quod
425 1346 453 1412 si
479 1346 680 1412 acerbissima
707 1347 780 1435 lege
807 1335 955 1415 seruilia
983 1348 1144 1435 principes
1170 1349 1251 1427 viri,
1287 1344 1469 1434 gravissimi
1493 1355 1524 1408 et

189 1442 414 1531 sapientissimi
437 1446 540 1521 eires,
564 1444 646 1507 hanc
668 1446 811 1525 Latinis,
842 1444 876 1508 id
899 1456 948 1509 cst
969 1445 1161 1520 foederatis,
1194 1445 1277 1508 riam
1302 1442 1341 1506 ad
1361 1440 1522 1505 civitatem

189 1536 409 1698 piqpaliAEssu
431 1549 541 1712 patiere
565 1538 651 1621 passi
672 1552 759 1618 sunt,
783 1540 840 1625 (ut
854 1539 979 1697 ¹qcilicet
1001 1540 1167 1696 dapnnnto
1188 1538 1449 1696 elrpeliomqup1
1454 1532 1521 1641 ipsi

188 1652 281 1811 lege:
312 1633 851 1813 eussssgaexffidgenntlpsutitpgzl
873 1654 1338 1793 icccuzealiitiniesnieltlmnoniiiiuit
1351 1646 1522 1790 eeinsriitiiii

189 1820 384 1903 praemium,
409 1822 497 1907 qnod
519 1841 614 1886 nemo
637 1820 764 1907 assequi
786 1834 897 1906 posset
921 1820 979 1885 nisi
1009 1843 1050 1886 ex
1070 1823 1226 1887 senatoris
1247 1820 1441 1897 calamitate,
1466 1837 1521 1882 ne·

104 1958 107 1963 -
191 1934 254 2005 que
280 1914 423 1979 senatori
445 1934 549 2000 neque
570 1916 657 1981 bono
685 1916 833 2002 cuiquam
856 1915 948 1980 nimis
973 1916 1142 1980 iucundum
1171 1937 1239 1980 esse
1265 1924 1394 1998 possete
1432 1912 1524 1977 dubi·

190 2010 318 2077 tandum
353 2007 432 2086 init,
468 2008 563 2094 quin,
599 2033 665 2098 quo
693 2010 725 2075 iu
754 2032 871 2096 genere
900 2010 1038 2076 iudicum
1071 2010 1211 2094 praemia
1239 2021 1308 2074 rata
1337 2019 1459 2085 essent,
1490 2008 1522 2072 in

191 2106 304 2170 eodem
319 2103 431 2169 iudicia
447 2102 675 2189 imperatorum
701 2105 871 2169 valerent?
893 2106 979 2171 Num
1001 2106 1119 2171 lundon
1140 2104 1239 2195 igitur
1259 2105 1363 2169 iactos
1381 2102 1522 2186 populos

48 2256 52 2267 .
189 2198 328 2263 Latinos
350 2199 542 2263 arbitramur
564 2212 617 2264 aut
638 2200 785 2265 Seruilia
806 2201 877 2288 lege
900 2212 954 2264 aut
976 2201 1110 2277 ceteris,
1135 2200 1249 2285 quibus
1272 2197 1395 2261 Latinis
1416 2195 1520 2260 homi·

191 2293 285 2359 nibus
298 2304 368 2357 erat
383 2293 585 2377 propositum
599 2293 702 2379 aliqua
715 2316 755 2359 ex
768 2317 803 2359 re
814 2297 987 2378 praemium
999 2292 1189 2358 civitatis?’'
1212 2315 1274 2377 pro
1286 2292 1390 2357 Balbo
1404 2292 1457 2367 dl,
1470 2292 1521 2361 dl.

275 2387 380 2452 Huius
403 2387 483 2474 legis
507 2388 689 2474 fragmenta
712 2390 809 2454 edidit
832 2401 927 2476 atque
954 2389 1087 2475 egregie
1112 2387 1299 2464 illustravit,
1331 2409 1425 2474 quem
1451 2407 1523 2450 sae

190 2482 264 2567 pius
283 2482 345 2546 iam
369 2482 582 2561 laudavimus,
616 2481 659 2549 C.
684 2486 728 2549 Α.
753 2483 795 2551 C.
819 2485 972 2550 Klenze
1002 2483 1129 2566 (Berol.
1159 2482 1251 2549 1825.
1275 2484 1342 2560 l.)a
1367 2502 1408 2544 ex
1431 2480 1520 2544 cuius

190 2575 431 2663 prolegomenis
454 2579 517 2640 huc
537 2577 826 2661 transscripsimus,
852 2599 934 2663 qnae
956 2581 995 2642 de
1017 2588 1121 2642 aetate
1143 2577 1223 2662 legis
1246 2574 1413 2640 disseruit:

276 2670 422 2756 Rogavit
443 2692 512 2734 eam
534 2675 573 2738 0.
595 2670 649 2735 ille
671 2670 837 2737 Seruilius
859 2673 1038 2752 Glaucia¹)
1061 2671 1115 2759 qui
1134 2668 1177 2736 C.
1200 2669 1302 2737 Marii
1322 2670 1432 2735 socius
1450 2691 1522 2734 cum

190 2762 236 2830 1..
258 2764 424 2848 Appuleio
447 2765 620 2830 Saturnino
642 2784 684 2829 ex
706 2785 817 2831 eorum
839 2766 898 2829 luit
921 2787 1077 2841 numero,
1111 2784 1193 2849 quos
1216 2763 1269 2827 ille
1295 2776 1421 2829 sextum
1443 2783 1522 2828 eon·

16 2862 19 2867 ’
134 2868 137 2874 ’
191 2858 243 2923 sul
264 2859 369 2939 (666.)
389 2857 507 2921 indicta
533 2857 658 2942 quidem
682 2860 830 2941 causal),
860 2861 917 2922 sed
939 2859 1074 2924 vocibus
1096 2858 1209 2941 populi
1233 2879 1289 2922 eos
1314 2856 1451 2922 interfici
1474 2856 1523 2922 iu·

190 2952 296 3018 bentis
318 2952 476 3034 motus³),
508 2952 577 3017 sive
599 2953 736 3018 interfici
759 2953 902 3035 inssit⁴),
934 2955 1001 3018 sive
1023 2954 1187 3036 §populo
1212 2952 1244 3016 in
1271 2953 1374 3030 curia,
1406 2951 1523 3039 inqua

192 3066 250 3114 eos
282 3044 472 3125 incluserat,
506 3046 628 3115 iniectis
663 3048 778 3134 tegulis
813 3047 1001 3114 interiectos
1027 3068 1093 3112 aon
1122 3045 1343 3126 vindicarit⁵).
1390 3045 1524 3110 Glaucia

190 3162 232 3209 eo
253 3154 336 3206 anno
357 3151 491 3225 praetor
512 3154 599 3217 erat,
624 3153 656 3207 et
682 3156 716 3207 ut
743 3140 862 3208 Cicero
886 3141 961 3223 ait⁶)
984 3141 1097 3207 consul
1118 3140 1221 3205 iactus
1246 3140 1375 3219 luisset,
1403 3140 1431 3205 si
1453 3140 1522 3205 eius

190 3236 349 3303 rationem
374 3236 493 3299 habere
515 3234 668 3301 licuisset.
714 3238 805 3318 Quae
831 3260 902 3300 cum
929 3238 974 3301 ita
1005 3236 1084 3310 sint,
1117 3237 1169 3300 lex
1196 3236 1332 3300 Seruilia
1360 3234 1423 3299 lata
1452 3221 1522 3299 esse

190 3350 256 3398 non
278 3341 386 3416 potest
407 3341 484 3412 post
504 3342 629 3395 sextum
652 3330 753 3396 Marii
775 3331 993 3407 consulatum
1025 3330 1099 3415 quin
1129 3328 1221 3394 etiam
1245 3328 1321 3394 huic
1347 3328 1411 3415 ipsi
1437 3351 1521 3395 anno

190 3426 365 3512 plerosque
387 3424 471 3490 falso
494 3446 561 3491 eam
585 3424 767 3489 adscribere
776 3426 820 3506 ⁷),
844 3426 916 3489 inde
936 3425 1161 3511 consequitur,
1187 3426 1275 3512 qnod
1299 3435 1372 3487 ante
1393 3424 1523 3490 Sullana

190 3528 337 3607 tempora
359 3517 415 3585 vlu
434 3519 497 3584 nlla
515 3520 569 3584 lex
587 3519 752 3604 popularis
772 3520 840 3585 aliis
861 3542 954 3606 quam
975 3519 1104 3585 tributis
1126 3518 1263 3584 comitiis
1286 3529 1317 3581 ct
1339 3517 1403 3583 alio
1423 3516 1524 3604 magi·

190 3624 292 3681 stratu
313 3634 407 3701 quam
427 3608 558 3680 tribuno
580 3613 683 3698 plebis
706 3626 844 3700 rogante
865 3614 944 3679 ferri
969 3613 1087 3699 potuit.
1132 3615 1247 3698 Neque
1273 3614 1403 3679 obstant
1428 3610 1524 3678 Cice-

266 3829 290 3896 ¹)
310 3822 375 3884 cie.
396 3821 484 3882 Brut.
506 3825 553 3885 62.
574 3821 701 3900 ,Longe
718 3832 788 3898 post
807 3828 894 3877 natos
912 3820 1047 3877 homines
1065 3816 1304 3895 improbissimus
1324 3816 1358 3875 C.
1374 3815 1522 3876 Servilius

191 3908 336 3979 Glaucia,
364 3908 418 3969 sed
437 3918 598 3985 peracutus
620 3918 649 3965 et
667 3906 791 3965 callidus
811 3924 879 3963 cnm
900 3906 1066 3982 primisque
1086 3904 1243 3961 ridiculus.
1283 3902 1313 3960 Is
1340 3920 1378 3959 ex
1399 3904 1522 3959 summis

191 4002 223 4055 ct
246 3994 386 4055 iortnnae
412 4000 442 4051 et
463 3995 543 4051 uitae
567 3989 708 4051 sordibus
728 4026 745 4038 -
762 4027 778 4040 -
793 4026 810 4039 -
829 3993 918 4050 bomo
939 3991 1105 4050 simillimus
1127 3991 1321 4048 Atheniensis
1341 3985 1521 4064 Hyperboli,

190 4084 278 4141 euius
289 4076 511 4159 improbitatem
528 4090 646 4137 veteres
660 4079 831 4138 Atticorum
844 4078 1015 4136 comoediae
1028 4075 1240 4134 notaverunt.”
1270 4075 1317 4135 Cl.
1336 4092 1394 4152 pro
1414 4072 1521 4139 liubin.

190 4162 276 4227 Post.
297 4170 325 4227 d.
346 4164 453 4225 Liuius
474 4162 532 4242 Ep.
552 4164 667 4223 LXIX.
694 4164 801 4223 Aurel.
823 4164 931 4222 Victor
948 4164 985 4223 de
1004 4166 1081 4221 viris
1100 4160 1142 4219 ill.
1165 4181 1191 4219 c.
1215 4168 1263 4224 7³.

265 4252 291 4323 ἵ)
309 4251 392 4311 Nibil
409 4252 489 4309 enim
507 4249 546 4308 de
564 4250 731 4310 Saturnino
749 4261 779 4307 et
797 4250 889 4307 sociis
908 4251 973 4308 eius
990 4250 1168 4309 nominatim
1187 4257 1255 4306 erat
1268 4247 1434 4307 decretum.
1474 4243 1522 4304 Gi.

192 4334 257 4395 Cic.
278 4337 311 4395 in
330 4335 420 4396 Catil.
440 4334 497 4393 111.
516 4339 546 4396 6.
568 4344 598 4393 et
616 4339 693 4393 Aur.
715 4333 794 4395 Viet.
816 4336 839 4392 l.
860 4354 889 4394 e.
909 4338 957 4398 67.

265 4420 295 4581 :p
311 4419 501 4565 gppiasqlB.
523 4420 590 4480 Cir.
612 4419 637 4478 l.
658 4427 706 4485 52.

339 4522 422 4565 reero
466 4525 542 4564 .ec.

266 4588 293 4664 ὅ)
313 4590 471 4666 Appianas
491 4591 512 4649 l.
534 4611 563 4653 c.

267 4672 296 4745 ο)
314 4672 403 4733 Brut.
423 4679 473 4737 62.

266 4750 360 4829 ²)Cl.
388 4756 534 4838 Sigonius
553 4758 590 4820 de
611 4758 678 4822 Iud.
702 4758 743 4821 11.
764 4764 811 4821 27.
845 4760 1003 4821 Ernestius
1026 4762 1059 4818 in
1076 4758 1143 4821 Ind.
1168 4758 1264 4843 Legg.
1288 4758 1326 4818 ad
1346 4754 1385 4819 1..
1410 4756 1523 4819 Serril.
1583 4773 1588 4782 ·

193 4836 339 4903 Glauciae
358 4852 389 4901 et
407 4836 579 4922 Caepionis.
599 4844 731 4907 baebius
751 4844 830 4906 Hist.
849 4846 911 4905 lur.
930 4864 962 4924 p.
983 4850 1048 4907 17⁰.
1070 4844 1181 4906 etalii.
