3202 5318
139 329 180 394 63
576 342 587 369 ·
723 327 874 396 INDEX

140 471 277 555 Menag.
305 473 345 533 ad
371 470 486 533 Laie'rt.
511 469 579 534 III.
603 469 657 533 66.
680 490 715 552 p.
740 469 812 535 162.
856 467 1080 532 Eseheubaeb.
1103 469 1142 529 de
1164 469 1242 531 Not.
1267 464 1352 530 Crit.
1374 486 1455 551 pag.

143 563 219 628 232.
243 586 317 648 sqq.
342 574 374 626 et
392 562 457 627 alii.
481 564 567 626 Ean.
612 563 771 644 „Profert
790 562 890 636 alter,
915 560 1045 642 opinor,
1069 562 1193 625 duobus
1215 558 1383 623 versieulis
1405 581 1462 623 ex-

138 679 271 740 pensum
296 656 432 721 Niciae:
467 658 548 721 alter
575 656 782 720 Aristarchus
811 657 871 721 hos
898 659 1046 735 ὀβελίζει.
1091 655 1166 740 Ego
1187 665 1348 738 tamquam
1370 653 1461 717 eriti-

138 772 195 815 eus
217 750 364 835 antiquus
384 751 579 815 iudicaturus
601 772 689 826 6666,
724 763 831 814 utrum
854 749 917 813 sint
937 754 996 816 rori
1015 752 1152 830 ποιητοῦ
1173 768 1212 811 66
1234 754 1463 837 παρεμβεβλη-

136 845 266 931 μ6νοι.”
308 849 349 908 ad
369 846 462 909 Fam.
486 844 551 908 lx.
576 847 634 919 10,
660 844 690 910 1.

221 943 265 1007 ‘O
281 939 425 1024 γναφεύς
446 940 646 1027 anapaesta,
657 936 763 1031 sallo
784 938 1022 1003 carbonarius.
1046 940 1086 1001 ad
1107 940 1179 1003 Att.
1195 941 1278 1003 XV.
1302 941 1341 1015 6,
1366 939 1400 1000 1.
1422 966 1463 980 -

138 1034 293 1099 Fullones
316 1055 333 1097 e
356 1032 499 1097 restibus
526 1032 661 1098 sordidis
691 1032 837 1095 candidas
867 1032 1007 1097 faciunt:
1045 1033 1224 1097 carbonarii
1247 1045 1353 1098 autern
1378 1029 1463 1114 nigri

7 1196 10 1203 ,
137 1120 169 1191 et
190 1127 313 1192 sordidi
338 1137 422 1195 sunt.
465 1126 500 1190 Si
523 1126 622 1211 igitur
642 1127 723 1190 lullo
745 1125 827 1190 idem
850 1126 891 1189 sit
915 1126 1143 1203 66666666166,
1166 1126 1287 1191 frustra
1308 1125 1342 1190 ia
1365 1122 1463 1189 resti-

135 1223 197 1286 bus
225 1220 400 1307 purgandis
426 1214 598 1285 laborabit.
636 1208 730 1285 *Hine
751 1221 961 1302 proverbium
988 1233 1035 1284 est
1057 1221 1201 1304 γναφεύς
1225 1220 1411 1310 detonseris
1431 1218 1462 1281 16

137 1338 226 1392 eum,
243 1315 324 1399 'qui,
349 1317 436 1400 quod
458 1315 569 1379 melius
591 1317 725 1378 reddere
748 1326 901 1391 conatur,
931 1315 1071 1379 deterius
1093 1314 1184 1380 saeit.
1230 1318 1315 1383 Eau.

218 1412 312 1476 ‘Ode
330 1421 484 1494 μαίνεται
509 1412 610 1474 oriar?
639 1412 794 1487 ἀνεκτῶς,
827 1410 882 1472 hic
910 1421 1027 1473 aretem
1048 1408 1177 1473 insanit
1199 1411 1269 1487 sio,
1299 1419 1342 1473 rat
1355 1405 1461 1500 ferri

135 1505 285 1588 amplius
306 1525 375 1568 non
396 1503 520 1586 possit.
546 1506 584 1565 ad
608 1503 651 1583 Q.
674 1505 718 1567 16.
742 1505 808 1568 111.
832 1504 871 1578 9,
886 1505 930 1590 ,2.
955 1524 1065 1566 versus
1087 1504 1228 1568 Homeri
1249 1509 1288 1571 de
1311 1502 1459 1588 Cyclope

137 1599 341 1680 Polyphemo
366 1598 484 1677 odyss.
508 1624 537 1674 ι,
564 1598 643 1662 3606
667 1598 718 1663 Et
744 1604 778 1663 dt
800 1608 936 1681 μαίνεαι
957 1600 1059 1663 οιῖκέτ’
1087 1601 1233 1676 ἀνεκτῶς.
1384 1652 1386 1657 .

216 1694 262 1758 ‘0
278 1698 313 1758 δὲ
331 1693 565 1775 οὐκ-ἐμπάζετο
579 1694 710 1775 μέδων,
740 1692 895 1755 16166666
918 1713 987 1756 non
1008 1693 1169 1768 curabat,
1192 1714 1279 1779 puae
1303 1693 1460 1758 diceban·

135 1798 206 1850 tur.
251 1788 288 1848 ad
310 1787 382 1850 Α66.
404 1787 470 1849 IV.
495 1789 532 1864 7,
557 1786 589 1849 3.
614 1808 655 1849 ex
677 1785 813 1850 Homeri
837 1786 956 1865 Odyss.
980 1813 1022 1861 α,
1049 1787 1109 1849 271
1133 1800 1163 1849 66
1185 1788 1261 1851 306.
1345 1834 1349 1841 -

215 1883 318 1946 ‘Odon'
336 1881 519 1969 πάρεργον,
542 1891 684 1963 praeter
701 1880 940 1963 propositum,
968 1881 1079 1946 obiter
1100 1880 1247 1960 dictum,
1272 1880 1459 1967 digressio.

135 1975 174 2036 ad
195 1976 268 2038 Att.
292 1976 338 2039 V.
363 1976 421 2051 21,
449 1974 501 2037 13.
525 2006 568 2020 -
610 1974 916 2051 assentitus,
941 1976 973 2038 6.
1166 2045 1169 2049 ‚

220 2072 288 2134 Οία
317 2072 344 2153 y'
374 2072 393 2149 ἡ
422 2074 587 2134 δέσποινα.
634 2068 757 2149 „Quod
783 2080 945 2150 superest,
981 2069 1007 2131 61
1030 2089 1140 2133 verum
1164 2069 1239 2133 illud
1257 2081 1323 2146 est,
1358 2075 1414 2136 οἵα
1432 2072 1459 2151 γ’

134 2168 344 2244 ἤδέοποινα,
368 2175 457 2226 66666
472 2162 740 2245 666666666666.”
764 2164 804 2225 60
827 2166 899 2226 Α66.
922 2165 969 2227 V.
993 2166 1051 2240 11,
1076 2166 1109 2227 6.
1154 2165 1230 2228 Hoc
1251 2164 1459 2246 proverbium

136 2261 221 2341 apud
243 2259 411 2324 Platonem
435 2256 536 2322 Polit.
560 2256 661 2320 VIII.
685 2279 720 2338 p.
746 2257 819 2320 723.
844 2269 891 2319 666
912 2257 1092 2341 integrum:
1114 2262 1172 2325 οἵα
1197 2261 1224 2342 γ’
1247 2262 1265 2338 ἡ
1285 2264 1459 2332 δέσποινα,

135 2365 210 2420 τοία
232 2360 267 2420 δὲ
287 2363 345 2419 καὶ
369 2355 388 2432 ἦ
411 2352 513 2417 arion:
535 2353 646 2435 qualis
662 2354 764 2426 tera,
789 2352 870 2415 talis
892 2363 927 2415 et
947 2353 1055 2416 cauis.
1080 2354 1164 2416 Ean.
1189 2352 1337 2418 Platonis
1361 2355 1459 2417 verba

134 2447 258 2529 (Polit.
281 2448 384 2512 VIII.
406 2469 441 2530 p.
466 2447 541 2512 663.
566 2445 608 2510 C.
633 2447 769 2528 Stepb.)
791 2446 870 2529 haec
894 2459 989 2509 sunt:
1014 2450 1156 2525 ἀτεχνῶς
1176 2448 1243 2533 γὰρ
1261 2455 1350 2514 αἵτε
1371 2446 1458 2522 adres

134 2544 219 2609 κατοῖ
246 2543 303 2622 τήν
322 2554 506 2627 παροιμίαν
528 2539 599 2606 οἷαί
626 2549 742 2628 nepai
768 2546 954 2619 δέσποιναι,
978 2553 1143 2625 γίγνονται
1166 2569 1198 2607 τε
1217 2543 1257 2623 δὴ
1283 2547 1457 2608 milanos

135 2648 193 2704 καί
210 2635 298 2713 ὄνοι,
321 2637 406 2701 πάνυ
424 2643 597 2721 ἐλευθέρως
616 2647 673 2700 καί
691 2639 814 2719 σεμνῶς
836 2642 1014 2720 εἰθισμένοι
1038 2637 1245 2721 πορεύεσθαι.
1291 2638 1457 2722 Integrum

133 2728 233 2814 igitur
259 2729 469 2812 proverbium
492 2750 552 2792 nec
581 2730 675 2793 Plato
699 2729 820 2804 attulit,
846 2732 902 2794 660
927 2730 1100 2793 declaravit
1122 2732 1359 2807 tantummodo,
1383 2731 1458 2817 quid

133 2826 320 2890 adsensum
342 2823 383 2887 sit
404 2825 626 2907 supplendum.

128 2952 138 2969 κ
219 2920 365 2994 Οἰκεῖον,
379 2917 584 3001 proprium,
610 2917 904 2981 accommodatum
921 2921 1163 2983 admotarum.
1207 2916 1326 3002 ,Signa
1350 2932 1458 2985 nostra

136 3022 168 3074 et
183 3011 425 3088 Hermeraclas,
449 3025 482 3074 ut
498 3011 629 3088 scribis,
655 3033 724 3074 eum
741 3014 995 3077 commodissime
1011 3015 1154 3096 poteris,
1180 3012 1274 3076 velim
1290 3012 1456 3097 imponas,

134 3115 168 3167 et
190 3105 217 3168 si
239 3106 327 3187 quod
346 3105 430 3168 aliud
452 3114 571 3170 οἰκεῖον
593 3104 659 3169 eius
682 3104 763 3180 1661,
787 3128 880 3191 quem
900 3130 964 3172 666
986 3108 1116 3193 ignoras
1128 3154 1138 3185 ,
1163 3107 1324 3188 reperies,
1348 3121 1381 3172 et
1395 3128 1460 3172 ma·

134 3199 238 3274 xime,
263 3219 344 3282 quae
370 3197 428 3261 tibi
455 3199 632 3281 palaestrae
654 3199 873 3289 'ymnasiique
896 3201 1088 3266 videbuntur
1112 3201 1223 3265 esse.''
1269 3205 1307 3263 ad
1330 3207 1405 3269 Α66.
1427 3205 1459 3268 1.

136 3294 196 3369 10,
216 3286 316 3358 x35-
368 3294 469 3367 „Non
492 3305 600 3376 potest
622 3293 735 3358 6611661
758 3295 854 3358 ullum
877 3318 943 3360 nnn
966 3308 1117 3379 appetere
1138 3295 1188 3370 id,
1222 3299 1311 3378 quod
1332 3300 1460 3362 666666-

136 3388 296 3456 modatum
325 3389 364 3449 ad
393 3398 535 3451 naturam
566 3401 735 3471 appareat:
775 3391 892 3454 Graeci
914 3391 946 3454 10
966 3401 1085 3460 οἰκεῖον
1108 3389 1311 3475 666611666.”
1355 3393 1457 3456 Aead.

135 3479 184 3545 Il.
206 3481 266 3556 12,
291 3480 345 3544 38.
1101 3531 1104 3537 .

82 3621 88 3634 .
220 3577 494 3653 Οἰκοδεοποιικοῖ,
518 3577 615 3660 patri
633 3575 796 3663 familias
818 3581 1065 3644 convenientia.
1112 3581 1197 3664 „Illa
1221 3581 1289 3646 Silii
1310 3592 1345 3646 et
1359 3580 1458 3645 Drusi

135 3669 246 3751 (1666)
276 3690 342 3733 666
364 3670 439 3734 66616
462 3673 711 3739 οἱκοδεοποτικά
742 3673 815 3735 mihi
838 3674 1028 3738 videntur.”
1074 3679 1113 3739 ad
1136 3678 1206 3741 Α66.
1230 3677 1314 3742 XII.
1337 3678 1401 3751 06,
1425 3675 1456 3737 2.

221 3766 422 3850 Οἰκονομία,
452 3765 651 3849 dispositio,
682 3767 782 3830 ordo.
827 3768 897 3841 „Iis
919 3769 1089 3851 (epistolis)
1111 3770 1210 3855 igitur
1230 3772 1456 3853 respondebo,

60 3931 72 3947 Ι
135 3867 326 3943 οἰκονομίαν
351 3880 451 3922 meam
473 3859 654 3935 instituam,
679 3863 734 3923 sed
756 3862 898 3926 ordinem
921 3868 1123 3929 conservabo
1147 3868 1275 3928 tuum.''
1322 3867 1362 3928 ad
1384 3865 1456 3928 Α66.

135 3952 201 4016 VI.
227 3957 264 4030 1,
290 3956 321 4018 1.
339 3985 379 3996 -
404 3953 598 4035 „Sedenim
622 3964 793 4040 οἰκονομία
815 3956 841 4020 61
862 3960 1083 4040 perturbatior
1104 3972 1166 4039 est,
1192 3960 1250 4023 tibi
1276 3960 1457 4045 assignato:

133 4057 167 4111 te
189 4046 271 4111 enim
294 4068 414 4132 sequor
436 4049 689 4128 οχεδιάζοντα.”
725 4053 772 4123 ad
795 4054 867 4114 Au.
890 4054 955 4118 VI.
978 4056 1015 4130 1,
1047 4057 1098 4118 11.

219 4140 317 4220 Οἶκος
338 4149 450 4234 ptius,
477 4144 592 4226 supple
615 4144 702 4220 οἶκος
725 4145 878 4231 ἄριστοςτ
903 4149 1027 4213 domus
1049 4171 1148 4224 cara,
1172 4148 1295 4213 domus
1312 4148 1458 4231 optirno.

134 4235 265 4308 ,Narro
288 4237 364 4301 tibi:
387 4239 467 4300 haee
489 4238 561 4301 loca
576 4250 709 4302 venusta
734 4251 824 4316 sunt,
849 4241 953 4306 abdita
968 4255 1072 4319 certe,
1097 4253 1147 4319 et,
1172 4241 1199 4305 si
1220 4241 1297 4325 quid
1317 4242 1460 4307 seribere

135 4328 232 4405 velis,
267 4332 307 4392 ab
329 4331 458 4394 arbitris
481 4332 593 4396 libera.
636 4332 700 4396 Sed
720 4333 828 4399 neseio
851 4357 917 4420 quo
940 4340 1037 4402 modo
1060 4337 1147 4414 οἶκος
1165 4335 1302 4419 φίλος.”
1325 4339 1366 4400 60
1382 4337 1459 4402 Α66.

134 4419 213 4484 XV.
238 4425 326 4488 16Β.
368 4425 447 4489 Vid.
471 4447 566 4508 supra
589 4428 712 4507 60116]
735 4429 871 4512 μισητός
889 4437 984 4511 φίλος
1007 4433 1104 4508 οἰκος.

220 4519 261 4580 Οἱ
284 4529 343 4600 μὲν
367 4523 443 4606 παρ’
474 4525 569 4587 οὐδὲν
593 4531 675 4599 εἰσί,
710 4538 775 4599 τοῖς
799 4526 828 4588 d‘
851 4527 945 4592 66066
971 4533 1079 4610 μέλει,
1108 4525 1172 4589 alii
1199 4525 1337 4610 quidem
1361 4524 1460 4588 nihili

132 4621 231 4688 sunt,
253 4611 335 4674 aliis
356 4624 473 4677 autem
490 4615 577 4679 nihil
594 4638 699 4680 curae
720 4628 785 4681 est.
829 4621 869 4681 60
889 4619 962 4682 Att.
987 4622 1016 4683 1.
1041 4622 1101 4700 20,
1126 4620 1159 4685 3.
1206 4621 1332 4685 Versus
1357 4619 1459 4685 Rhin-

132 4702 237 4779 tonis,
261 4704 299 4765 06
321 4726 387 4788 quo
410 4707 477 4770 vid.
502 4710 746 4775 Onomastieon.

217 4795 382 4882 Οἰμῶζιιν.
415 4800 494 4887 Vid.
514 4804 605 4870 Ἀλλ’
627 4814 794 4889 οἰμωζέτω.
