3202 5318
145 317 207 383 103
739 316 889 383 Inna-x

139 459 240 523 vitare
262 461 399 523 omnium
422 458 603 523 deliciarum
626 458 855 542 suspicionem,
887 471 1019 541 repenle
1039 463 1291 542 ἀναφαίνεσθαι
1312 484 1380 529 noa
1402 486 1455 531 so·

139 554 202 617 lum
233 555 382 629 delicate,
416 556 474 617 scd
501 554 594 617 etiarn
624 555 729 634 inepto
758 552 1053 636 peregrinantem.”
1106 557 1146 617 ad
1167 558 1238 619 Art.
1263 540 1392 635 11210.
1414 594 1455 609 -

140 648 245 729 „Quin
267 646 359 709 etism
381 648 445 712 hoc
464 647 536 731 ipso
551 659 696 729 ternpore
711 647 805 711 multa
826 646 1064 714 ὑποσάλοικα.”
1087 650 1127 711 ad
1142 651 1212 712 All.
1228 651 1332 715 XIV.
1348 652 1403 728 21,
1421 654 1455 718 3.

218 740 437 818 ‘Pado-ruore,
472 753 597 805 status.
648 740 779 814 ,Venio
808 762 891 804 nunc
917 745 957 804 ad
983 763 1120 805 mensem
1148 743 1331 808 Ianuarium
1362 756 1395 809 el
1418 748 1457 809 ad

137 836 322 903 ὑπόστασιν
343 848 482 898 nostram
505 858 542 898 ac
563 842 740 902 πολιτείαν.
750 833 769 862 ”
792 835 831 897 ad
854 837 925 900 All.
946 835 996 899 11.
1019 836 1056 908 3,
1081 836 1112 900 3.

218 929 303 996 ‘Puri
326 929 382 1011 τήν
412 935 513 1010 λῆψιν
533 928 607 1006 (alii
628 930 824 1009 διάληψιν),
846 930 907 993 snb
927 924 1155 994 accensionem
1164 929 1304 1022 feltris.
1327 932 1408 997 Vid.
1429 956 1458 999 a.

138 1046 171 1088 v.
202 1026 313 1104 λῆψις.
359 1025 434 1097 ,Αο
468 1044 536 1088 eam
566 1023 666 1106 ipsam
703 1025 832 1085 brevem
865 1023 1086 1105 (epistolam),
1121 1046 1211 1108 qrrsrn
1236 1025 1303 1090 lv.
1347 1028 1458 1093 llum

137 1119 202 1185 ono·
216 1120 274 1197 τήν
290 1123 391 1198 λῆψιν
410 1117 536 1192 dedisti,
558 1118 794 1180 rescribendum
818 1116 964 1198 pulani.'’
987 1119 1027 1180 ad
1041 1119 1112 1181 All.
1137 1119 1202 1182 IX.
1225 1118 1259 1180 2.
1276 1118 1344 1183 lx.
1360 1122 1412 1195 10,
1427 1123 1459 1188 8.

214 1213 399 1287 Ὕπουλον,
430 1211 624 1276 subdolum.
650 1211 765 1291 ,erae
795 1214 834 1275 de
862 1212 962 1276 fratre
986 1234 1057 1277 meo
1079 1211 1210 1285 scribis,
1235 1223 1311 1277 sunl
1333 1233 1371 1276 ea
1392 1214 1459 1297 qrri·

137 1310 206 1372 dem
225 1328 335 1389 parum
355 1306 463 1381 hema,
487 1307 675 1369 sedhabeot
702 1304 779 1369 nihil
799 1306 959 1381 ὕπουλον,
984 1305 1059 1369 nihil
1084 1305 1211 1369 fallan”
1235 1318 1300 1371 oet.
1322 1309 1365 1372 ad
1386 1310 1456 1377 All.

136 1402 183 1465 X.
208 1404 265 1476 11,
298 1404 329 1465 1.

217 1498 423 1581 ’Ῥποφυρᾴν
468 1495 546 1559 Vid.
588 1498 648 1574 Ἐξ
672 1495 786 1572 ἄστεος
807 1494 1005 1595 ἑξοαλόφοο.

217 1592 402 1666 ιῬνιάνιιον,
433 1593 581 1654 mocula.
631 1590 734 1664 ,arui
756 1589 840 1653 filius
860 1590 903 1651 ila
922 1611 956 1651 se
982 1589 1086 1674 gerit,
1119 1601 1155 1654 nl
1177 1589 1244 1654 eins
1269 1591 1455 1657 consulatus

138 1706 202 1748 nou
228 1685 411 1748 consnlatus
439 1683 498 1758 sit,
534 1687 589 1747 sed
616 1684 731 1769 Illagui
758 1683 860 1748 noslri
887 1684 1046 1752 ὑπώπιον.
1056 1684 1073 1712 ”
1123 1688 1162 1748 ad
1185 1687 1254 1749 All.
1278 1685 1307 1750 1.
1330 1686 1392 1765 20,
1410 1688 1454 1753 ,6.

137 1778 278 1860 Proprie
300 1789 348 1841 est
367 1780 488 1841 volnus
509 1778 545 1841 in
555 1776 674 1869 focis.
734 1779 878 1863 Egregia
902 1792 950 1843 est
976 1782 1013 1842 de
1042 1781 1104 1842 hoc
1130 1782 1233 1845 verbo
1253 1790 1286 1843 et
1308 1783 1349 1843 de
1368 1782 1456 1849 dam-

137 1873 263 1952 πιάζειν
291 1871 565 1936 dissertatiuncula
595 1874 626 1936 in
649 1876 690 1938 L.
715 1873 804 1938 Bosii
826 1872 1121 1938 Exerciulionibus
1143 1873 1174 1937 in
1197 1875 1242 1938 Ν.
1266 1877 1312 1941 Τ.
1334 1874 1369 1939 io
1391 1876 1454 1959 Ep.

136 1967 165 2032 l.
187 1968 225 2028 ad
249 1964 401 2030 Corinth.
424 1988 454 2028 c.
479 1967 518 2039 9,
543 1967 593 2033 27,
637 1969 721 2031 Eun.

52 2050 55 2055 ¹
213 2060 374 2147 Ὕστερον
393 2060 566 2145 πρότερον,
595 2060 716 2125 ordine
734 2073 980 2144 praepostero,
1003 2083 1082 2125 cnm
1099 2061 1217 2146 primo
1237 2064 1332 2138 loco,
1366 2062 1456 2147 qrrod

133 2155 310 2238 posterius
334 2167 401 2229 cst,
431 2156 597 2228 secundo,
622 2155 714 2239 qnod
736 2154 856 2237 prins,
892 2153 1067 2246 effertur.
1121 2155 1285 2236 ,Quaeris
1316 2177 1359 2219 ex
1388 2176 1453 2247 με,

140 2249 214 2331 quid
233 2248 381 2311 acciderit
404 2252 442 2312 de
464 2247 600 2325 indicio,
623 2251 710 2332 qerod
736 2261 799 2311 lam
828 2262 954 2329 praeter
975 2248 1156 2330 opinionem
1180 2250 1320 2314 omniurn
1339 2248 1454 2315 saelum

137 2341 194 2405 sila
229 2354 260 2407 et
282 2343 375 2406 sisnnl
398 2343 445 2407 uis
467 2343 565 2418 scire,
600 2345 764 2425 utromodo
787 2363 851 2427 ego
875 2342 975 2407 minus
1001 2365 1093 2428 quiam
1110 2344 1247 2419 soleam,
1281 2343 1454 2427 proeliatus

135 2437 212 2503 sima
236 2438 441 2520 respondebo
463 2437 523 2501 tibi
543 2438 679 2525 ὕστερον
697 2437 872 2525 πρότερον,
894 2438 1119 2523 ’ομηρικῶς.”
1162 2440 1291 2503 adare.
1307 2438 1405 2516 Md,
1421 2440 1452 2501 1.

765 2632 816 2714 (Ι).

221 2816 359 2878 Φαέθων
389 2814 561 2893 (lucens),
595 2812 687 2879 Iouis
717 2814 829 2875 atella.
885 2812 1054 2894 „Propius
1084 2834 1100 2876 a
1131 2823 1216 2877 turra
1245 2813 1337 2879 lovis
1365 2815 1448 2879 slolla

135 2902 255 2979 ferlnr,
281 2927 361 2986 quiae
379 2913 515 2987 φαέθων
536 2905 689 2969 dicilnr.’'
736 2910 774 2967 de
797 2908 875 2970 Nat.
897 2907 1001 2971 Deor.
1025 2907 1073 2971 ll.
1098 2908 1156 2981 20,
1179 2909 1233 2972 02.

221 3004 367 3084 Φαίδρου
394 3005 558 3083 περισσῶν
587 3013 617 3062 ολ
636 3001 806 3076 Ἑλλάδος.
862 3000 1006 3081 „Libros
1033 3002 1126 3071 mihi,
1161 3005 1201 3065 de
1223 3002 1341 3087 quailsns
1364 3008 1403 3069 ad
1421 3019 1449 3069 lo

136 3102 225 3156 aulea
242 3092 374 3175 scripsi,
401 3095 492 3155 veliin
517 3093 630 3165 mittas,
656 3106 688 3156 et
711 3095 844 3158 maxime
869 3100 1015 3178 Φαίδρου
1034 3103 1199 3180 περισσῶν
1217 3099 1449 3177 ολἛλλάδος.”

136 3190 175 3249 ad
196 3192 266 3251 Ast.
289 3186 391 3253 Xlll.
423 3188 482 3258 39.
518 3189 549 3251 2.
602 3193 749 3272 Φαίδρου
771 3199 844 3273 nspl
869 3194 954 3256 θεῶν
976 3190 1065 3253 unice
1089 3213 1163 3253 vcra
1189 3189 1299 3257 lectio.
1324 3196 1371 3259 V.
1393 3194 1451 3259 Pa·

136 3290 241 3344 tcrsen
275 3280 304 3344 in
339 3281 478 3346 Phaedri
509 3282 661 3363 Epicurei
691 3284 898 3367 Fragureolo.
927 3285 1047 3347 Hanrb.
1079 3284 1172 3349 1833.
1203 3308 1236 3368 p.
1271 3289 1325 3351 11.
1370 3288 1451 3352 Idem

134 3387 222 3437 recle
242 3374 368 3438 viderur
389 3375 562 3438 coniecisse
586 3378 776 3453 Παλλάδος.
822 3378 928 3440 Nolim
949 3391 1050 3441 tamen
1072 3400 1143 3441 cum
1161 3400 1200 3444 eo
1220 3381 1364 3445 scrihere
1383 3393 1451 3465 unul

134 3473 219 3535 θεῶν
244 3480 301 3535 καλ
321 3470 517 3547 Παλλάδος,
539 3473 594 3533 aed
614 3483 647 3534 et
670 3475 716 3537 11.
760 3472 835 3535 Duo
860 3472 941 3535 eninr
963 3473 1103 3537 Phaedri
1124 3474 1242 3555 scripta
1264 3494 1335 3538 esse
1356 3486 1448 3559 pulo,

136 3584 229 3625 unuin
256 3575 328 3650 περὶ
358 3568 463 3636 θεοῖν,
496 3550 628 3637 311νῶ
658 3576 732 3652 περὶ
759 3562 957 3642 Παλλάδος,
991 3579 1024 3629 nl
1051 3567 1207 3651 Diogenis
1234 3565 1406 3649 Babylonii
1431 3568 1449 3635 ὅ

137 3662 286 3745 περὶτῆς
311 3661 458 3737 Ἀθηνᾶς
491 3659 589 3734 (ibid.
605 3681 640 3740 p.
664 3659 738 3736 20).
784 3658 866 3724 Cum
890 3659 1040 3724 Conrado
1064 3662 1184 3724 erravit
1206 3662 1300 3726 etiarn
1329 3664 1448 3727 Osann.

136 3753 166 3814 in
195 3752 288 3817 Diar.
321 3754 424 3816 schol.
459 3753 553 3816 1833.
583 3775 617 3835 p.
650 3754 743 3819 1099.
773 3772 982 3835 proponens:
1021 3759 1168 3842 Φαίδρου
1195 3769 1270 3844 περὶ
1302 3760 1392 3846 δρᾶν
1419 3767 1450 3821 el

131 3845 300 3923 Ἑλλάδος.
347 3849 476 3913 Oneon.
1097 3900 1101 3909 .

219 3946 527 4025 Φαινοπροσωπεῑν,
554 3944 682 4005 volitem
703 3943 900 4018 ostendere,
913 3941 1055 4033 faciem
1074 3944 1228 4026 aperire,
1254 3947 1293 4007 de
1314 3945 1355 4019 iis
1379 3946 1454 4010 dioi-

132 4047 202 4108 lur,
237 4035 292 4117 quui
316 4037 392 4098 nihil
422 4036 530 4098 timent
555 4056 614 4098 nec
637 4047 842 4117 conspectum
865 4038 1050 4121 cuiusquam
1072 4038 1209 4122 lugiunt.
1258 4040 1454 4120 „heceuim

132 4130 366 4213 cousquisilores
389 4143 679 4216 φαινοπροσωνιεῑν
700 4132 830 4205 audent,
853 4152 924 4196 curo
946 4131 999 4195 illo
1019 4131 1099 4194 adsit
1124 4131 1273 4197 coutra.”
1319 4136 1360 4196 ad
1383 4135 1454 4198 All.

94 4346 98 4359 ·
217 4322 573 4402 Φαινοιιροσωπητέον,
603 4329 730 4383 νιῑοοῑο
752 4321 899 4383 nullust
920 4331 1043 4403 operm
1058 4317 1167 4419 sacia
1184 4318 1456 4404 procedendum.

134 4412 175 4473 ad
193 4412 264 4475 An.
287 4414 385 4476 XlV.
410 4414 468 4488 22,
494 4411 526 4474 2.
1047 4426 1068 4487 0

77 4582 83 4594 ι
218 4509 363 4580 narsus,
395 4509 571 4587 (lucens,)
592 4509 736 4572 Saturni
758 4511 870 4572 stella.
895 4509 990 4589 „Ea,
1013 4529 1095 4591 qliae
1115 4509 1243 4573 sumni
1266 4512 1358 4575 stella
1382 4511 1459 4579 diei·

88 4592 93 4607 “
134 4603 190 4659 tnr'
213 4609 404 4681 parvusque
434 4623 451 4664 a
485 4603 617 4665 Graecis
644 4602 841 4677 nominatur,
877 4624 958 4687 quiae
987 4624 1002 4664 a
1030 4615 1116 4666 lcrra
1141 4607 1231 4668 abest
1264 4606 1454 4687 plurimum,

132 4689 237 4753 XXX
258 4692 326 4752 lere
346 4692 432 4765 annis
459 4717 583 4759 eur-suun
608 4717 697 4759 srrrsrn
715 4696 882 4761 conlinit.”
926 4698 966 4759 de
985 4698 1247 4764 Nal.Dror.11.
1271 4698 1332 4774 20,
1356 4701 1413 4765 02.

218 4785 444 4869 Φαλάκρωςια.
499 4792 638 4870 „Altera
668 4791 801 4873 epistola¹
836 4794 874 4854 de
904 4792 1043 4856 Madaro
1073 4791 1209 4875 scripta,
1244 4796 1331 4877 apud
1358 4816 1457 4880 quens
