3202 5318
520 316 955 410 eunuco-nunnus.
1204 308 1208 316 ’
1358 349 1398 411 u

63 482 173 546 stimo.
198 478 307 545 Huius
327 478 429 563 igitur
448 480 524 543 belli
544 502 607 564 ego
634 482 797 564 particeps
821 495 853 548 et
873 484 982 549 socius
995 496 1027 548 et
1048 483 1176 549 adiutor
1190 506 1259 550 esse
1274 506 1396 572 cogor,

65 578 156 656 quinti
177 586 210 638 et
239 575 411 640 ἄσπονδον
432 583 530 637 estet
552 595 623 637 curn
646 576 786 639 civibus.
799 577 819 606 '²
862 580 902 640 ad
919 580 992 642 Att.
1013 579 1077 643 IX.
1101 582 1160 656 10,
1186 580 1218 642 6.

145 668 431 755 Ἀστρατήγητος,
455 667 545 730 artis
559 667 807 751 imperatoriae
824 669 986 754 ignarus.
1032 671 1203 754 „Quorum
1219 676 1284 736 <linx
1306 695 1400 760 nicam

62 764 330 847 ιὶστρατῆγητος,
359 774 393 824 tu
415 774 546 846 quoque
568 761 835 826 animadvertis*
878 767 916 826 ad
941 766 1011 829 nu.
1036 765 1121 829 VII.
1146 767 1224 844 lta,
1256 771 1288 832 1.

146 857 516 943 ’hporuytxo'ruroffi
549 855 639 920 artis
660 855 905 938 imperatoriae
924 859 1079 923 maxime
1093 859 1255 941 ignarus.
1278 862 1397 942 „Quem

63 972 129 1036 ego
230 950 314 1015 inem
338 949 619 1017 ἀπολαικῶτατον
637 949 777 1013 omniurn
800 952 860 1013 inm
877 964 949 1016 ante
977 972 1173 1038 cognoram,
1206 976 1289 1020 nunc
1319 977 1401 1021 vero

63 1045 160 1109 etintn
183 1042 551 1133 aorpurnyrxoirnror.”
597 1043 636 1106 nd
658 1043 730 1108 Ait.
753 1045 857 1111 VIII.
882 1047 945 1125 16,
972 1049 1004 1111 1.

149 1142 361 1220 'Aemilium
379 1139 568 1214 securitas,
591 1149 706 1202 turum
718 1139 934 1222 praesidium
949 1141 1117 1206 aduersus
1127 1143 1218 1208 uitae
1230 1145 1400 1229 pericula.

64 1232 185 1313 „Nihil
214 1255 262 1297 me
287 1234 417 1317 turpius
451 1235 535 1316 apud
561 1232 708 1296 homines
730 1235 859 1309 inisset3
893 1257 995 1319 neque
1012 1257 1100 1299 uero
1123 1239 1164 1300 ad
1184 1237 1277 1302 istam
1298 1238 1400 1322 ipsam

66 1327 261 1407 ἀσφάλειαν
289 1327 463 1414 quidquam
492 1326 661 1391 alienius.”
716 1329 1012 1407 aemulum,
1045 1331 1148 1394 1.-
1200 1332 1401 1406 „Romamne

67 1422 186 1495 venio,
220 1443 260 1485 an
282 1422 335 1486 bic
359 1442 490 1498 maneo,
527 1443 565 1485 an
589 1421 749 1504 Arpinum
771 1456 813 1469 -
835 1427 1030 1519 ἀσφάλειαν
1059 1427 1155 1490 lubet
1182 1425 1209 1489 is
1238 1427 1329 1490 locus
1359 1458 1414 1494 -.

64 1514 247 1600 iugian?”
289 1519 329 1580 ul
351 1517 425 1582 Att.
447 1518 547 1581 XVI.
572 1517 610 1592 8,
635 1517 667 1580 2.
1366 1522 1368 1527 '

149 1613 349 1693 Ἀσφαλές,
383 1623 507 1676 tutum.
560 1610 699 1709 vitaque
727 1612 837 1678 dubito
867 1637 906 1678 an
935 1616 1109 1679 Venusiam
1140 1618 1266 1680 tendam
1297 1628 1328 1679 et
1355 1614 1401 1678 ibi

66 1718 255 1789 exspectem
278 1709 318 1769 ‹le
338 1705 540 1791 legionibus:
557 1706 583 1769 si
606 1706 758 1782 aberunt,
784 1720 818 1769 ut
847 1708 972 1792 qnidam
999 1709 1213 1785 arbitrantur,
1244 1710 1402 1788 Hydrun-

64 1812 149 1877 tem,
175 1802 202 1863 si
226 1812 374 1864 netitrum
397 1800 458 1864 erit
481 1803 649 1880 ἀσφαλές,
674 1803 785 1864 eodem
808 1801 991 1866 revertar.'’
1012 1804 1053 1866 nd
1074 1806 1147 1867 Au.
1171 1804 1272 1868 XVI.
1297 1804 1335 1877 6,
1369 1803 1401 1868 3.

146 1895 366 1979 Ἀσόματος,
397 1895 471 1958 sine
497 1916 659 1978 corpore,
687 1896 846 1977 corporis
874 1919 1015 1980 expers.
1069 1951 1085 1980 ‚,
1096 1898 1193 1978 Quod
1221 1917 1303 1961 vero
1332 1896 1402 1959 sine

64 2010 208 2072 corpore
237 1989 302 2053 ullo
333 1993 423 2052 deum
457 1989 528 2053 uolt
550 2010 619 2052 essc
642 1989 799 2069 (Plato),
838 2003 872 2053 ut
895 1992 1012 2056 Graeci
1035 1992 1161 2068 dicunt,
1195 1990 1398 2076 ἀσώματονι

63 2082 95 2145 id
116 2085 214 2169 quale
237 2105 308 2147 csse
330 2083 451 2167 possit,
477 2083 610 2169 intelligi
633 2104 696 2147 non
720 2096 839 2166 potest.
849 2089 869 2113 ’‘
914 2088 951 2149 de
975 2087 1052 2149 Nat.
1076 2085 1181 2151 Deor.
1204 2085 1234 2148 1.
1261 2087 1318 2160 lt,
1343 2083 1399 2149 30.

145 2180 301 2265 Ἀταραξ
344 2223 354 2254 ,
393 2189 507 2241 status
536 2178 659 2242 mentis
684 2180 946 2262 perturbatione
975 2202 1117 2244 vacuus.
1169 2179 1339 2259 ,Ἡδονὴν
1369 2188 1402 2243 et

64 2275 254 2358 ἀταραξίαν
276 2272 413 2345 virtute,
449 2272 583 2345 iustitia,
621 2277 665 2355 τῷ
690 2278 782 2356 καλῷ
805 2274 930 2357 parari,
967 2284 1000 2338 et
1027 2294 1140 2338 verum
1168 2284 1200 2337 et
1228 2272 1400 2356 probabile

63 2367 153 2431 est.”
199 2370 241 2431 atI
263 2368 357 2431 Fam.
381 2367 463 2430 XV.
488 2368 605 2442 tut.

146 2462 328 2541 Ἀτεχνος,
352 2462 443 2525 artie
464 2484 605 2546 expers.
659 2460 805 2535 „Graeci
828 2462 909 2525 tales
932 2461 1224 2548 argumentationes
1245 2465 1403 2538 ἀτέχνους

65 2568 203 2631 vocant,
227 2557 259 2620 tt
281 2567 348 2633 est,
373 2556 450 2618 artis
473 2558 664 2638 expertes.'’
711 2559 798 2637 Top.
824 2557 860 2632 1,
888 2557 941 2619 ib.

147 2653 306 2726 Ἀτισία,
330 2647 490 2742 eiffecttu
504 2650 688 2713 solutionis
702 2652 941 2732 (Inrolvenz),
966 2670 1044 2713 cum
1060 2651 1137 2735 quis
1151 2651 1314 2713 solvendo
1329 2669 1398 2713 non

66 2758 128 2811 eet.
174 2744 285 2825 „Cum
316 2767 357 2807 ex
385 2744 575 2809 Dolabellae
597 2748 713 2826 ἀτισίᾳ
736 2766 848 2828 magna
871 2745 1096 2828 desperatione
1119 2745 1254 2809 allectus
1276 2762 1398 2820 essem,

66 2860 141 2903 ecce
168 2838 231 2903 tibi
252 2851 285 2902 et
306 2839 400 2903 Bruti
422 2852 453 2903 et
475 2851 549 2902 tuae
572 2838 737 2902 litterae.'’
783 2842 823 2901 ad
844 2842 916 2904 Au.
940 2839 1040 2903 XIV.
1065 2840 1124 2914 19,
1150 2843 1181 2902 1.

145 2933 310 3018 Ἀτομοι,
339 2934 464 3009 atomi,
498 2955 647 3016 corporo
678 2933 872 2997 indiuiduo.
924 2934 1011 3015 „Ille
1040 2933 1289 3014 (Democritus)
1322 2934 1403 3000 αἴτό·

65 3055 145 3111 μους
168 3049 249 3113 qttas
272 3028 430 3111 appellat,
457 3028 571 3105 idest,
595 3049 736 3111 corpora
758 3026 917 3091 individua
937 3040 1073 3110 propter
1087 3029 1301 3104 soliditatem,
1326 3050 1401 3090 cen-

66 3138 113 3187 set
139 3126 171 3188 in
196 3123 324 3187 infinito
347 3122 449 3199 inani,
488 3123 518 3186 in
550 3145 616 3207 qno
640 3123 714 3185 nihil
738 3144 796 3185 nec
820 3144 973 3185 sumnuun
1005 3144 1062 3185 nec
1084 3122 1224 3185 infimum
1255 3144 1313 3185 nec
1336 3143 1402 3185 mc·

67 3220 154 3280 dium
183 3239 241 3280 nec
267 3217 410 3280 ultimum
435 3240 492 3280 nec
515 3218 653 3280 citimum
677 3217 733 3290 sit,
768 3216 810 3278 ita
836 3216 933 3291 ierrI,
964 3227 997 3278 ut
1023 3218 1287 3281 concursionibus
1315 3216 1400 3280 inter

66 3334 99 3374 se
122 3315 375 3375 cohaerescant:
401 3333 441 3374 ex
464 3334 529 3396 quo
553 3311 734 3374 efficiantur
757 3333 810 3385 ea,
840 3332 921 3393 quae
944 3310 1005 3373 siut
1027 3334 1175 3396 qtlaequc
1206 3323 1397 3386 cernantur,

68 3407 191 3479 omniu
226 3427 363 3491 eumque
392 3417 510 3469 motum
540 3419 719 3472 atomorum
750 3405 837 3467 nullo
868 3426 883 3464 a
911 3404 1091 3487 principio,
1125 3409 1181 3469 sed
1203 3426 1244 3468 ex
1267 3417 1399 3469 aeterno

67 3512 230 3582 tempore,
257 3498 393 3583 intelligi
414 3499 630 3564 convenIre.'’
675 3502 714 3562 de
737 3499 810 3562 Fin.
835 3499 864 3562 I.
890 3503 927 3574 6,
967 3502 1018 3561 17.

149 3593 400 3670 Ἀιοπῶτατον,
423 3593 712 3657 absurdissimum
719 3616 731 3665 ;
753 3592 965 3657 alienissimo
979 3595 1056 3657 loco
1066 3594 1233 3675 positum.
1268 3595 1308 3657 ad
1330 3592 1400 3657 Att·

69 3689 151 3751 XV.
175 3688 234 3763 36,
260 3692 291 3750 1.

151 3785 340 3865 'Arpinum
378 3781 566 3866 imperitia.
625 3783 731 3856 „Erat
763 3780 942 3846 bominibus
977 3792 1050 3845 nota
1086 3803 1151 3846 non
1185 3781 1238 3846 illa
1270 3781 1397 3867 quidem

67 3879 289 3951 inardescite,
320 3879 376 3940 sed
398 3877 428 3940 iu
452 3877 490 3941 iis
512 3880 608 3940 rebus
631 3876 804 3964 drotum
848 3879 887 3939 ad
909 3881 980 3941 Au.
1005 3876 1107 3940 XIII.
1133 3877 1191 3952 16,
1217 3880 1249 3940 1.

148 3973 381 4055 Ἀττικισμός,
413 3972 618 4038 Atticismus
639 3973 707 4035 siue
730 3970 900 4035 orationis
921 3974 1029 4054 lepos.
1076 3971 1160 4045 „Ille
1184 3971 1318 4034 Latinus
1340 3973 1399 4037 oir-

67 4066 216 4149 ιικισμὸς
240 4088 280 4129 ex
303 4066 476 4131 intervella
498 4065 756 4151 regustandus.'’
801 4069 840 4128 ad
863 4067 935 4130 Att.
960 4066 1026 4130 IV.
1052 4070 1089 4127 tt
1102 4110 1111 4141 ,
1139 4067 1168 4127 1.

145 4161 393 4240 ’Artemitam³
416 4184 505 4247 quoe
533 4161 687 4224 inarime
715 4172 796 4224 eunt
826 4160 955 4224 Attico.
1009 4162 1100 4242 „Sed
1128 4159 1155 4220 si
1184 4160 1399 4222 recordabere

63 4261 295 4340 Ιαμασὲένους
320 4256 470 4334 fulmina,
505 4269 570 4319 tum
601 4255 759 4341 intelliges
786 4277 883 4337 posse
913 4270 945 4320 et
971 4255 1177 4321 ἁττικώτατα
1209 4253 1397 4337 gravissime

63 4352 162 4416 beist
210 4352 556 4426 adAtt.xV.lB‚
589 4352 621 4412 2.

143 4445 388 4531 Ἀττικότερα,
420 4444 534 4528 magis
561 4445 691 4508 Attica.
738 4497 753 4524 ‚,
767 4445 856 4526 Quae
880 4444 987 4506 laudas
1011 4465 1050 4504 ex
1074 4441 1293 4520 orationibus,
1323 4442 1398 4506 mihi

66 4542 176 4616 crede,
204 4539 297 4602 valde
313 4539 389 4602 mibi
405 4540 594 4622 placebant,
619 4541 674 4602 sed
690 4559 754 4601 non
770 4540 921 4601 audebam
939 4547 1030 4600 antea
1047 4536 1170 4611 dicere3
1195 4557 1277 4600 nttnc
1292 4557 1393 4614 vero,

70 4637 149 4715 quod
179 4654 198 4696 a
227 4645 260 4696 te
290 4635 428 4716 probata
457 4643 549 4711 sunl,
585 4634 686 4696 tntilto
716 4632 759 4694 ini
781 4630 981 4717 ἁττικῶτερα
1011 4631 1199 4697 videntur.’'
1255 4634 1295 4694 ad
1324 4632 1396 4695 All.

72 4725 96 4789 l.
119 4729 181 4803 13,
205 4729 239 4791 5.

145 4824 317 4903 'Amnon
345 4821 421 4887 nine
441 4822 644 4901 ambitione,
675 4821 749 4888 nine
759 4819 887 4914 fastu.
932 4819 997 4903 „ln
1021 4842 1085 4906 quo
1109 4820 1312 4904 (triumpho)
1340 4837 1401 4882 nec

211 4943 341 4993 neuun
361 4944 415 4993 Cle.
434 4944 480 4992 ttt.
1245 4937 1260 4985 2
