3202 5318
147 329 191 398 50
729 328 890 399 INDEX*
950 331 952 335 '

147 471 198 557 gis
220 469 346 557 dignam
368 489 438 534 esse
460 480 611 552 apparet,
636 469 664 534 si
685 471 808 536 nescire
829 470 967 546 fatetur,
987 479 1093 532 utram
1114 467 1233 532 institia
1254 486 1295 531 an
1315 467 1408 535 malis
1421 493 1473 536 ar·

146 567 250 642 tibus,
278 576 365 629 recta
387 585 425 628 an
448 564 580 649 obliqua
602 566 674 644 via,
703 565 872 631 felicitatisx
887 565 1041 627 humanae
1062 559 1223 648 fastigium
1246 561 1339 627 altius
1360 585 1474 631 eonse-

52 699 55 704 ,
146 658 201 743 qui
222 659 340 736 liceat,
364 679 456 744 quam
479 658 506 722 si
527 658 635 723 fraudi
658 659 753 748 eique
775 659 923 743 obliquae
945 658 1058 722 turrim
1087 655 1201 721 tribuit
1228 655 1261 719 in
1288 659 1354 721 alto
1385 661 1476 743 posi-

145 765 225 830 tam,
256 753 308 816 cui
337 750 439 840 magis
467 754 619 836 spelunea
647 754 755 818 abdita
783 764 816 816 et
844 753 973 818 sinuosa
999 752 1203 819 conveniret.
1247 759 1352 822 Recte
1373 754 1477 840 igitur

147 849 273 913 dativus
294 845 408 913 Astius
429 860 543 913 nostro
566 848 643 914 loco
664 848 867 931 recipiendos
886 846 1058 925 iudicavit,
1083 849 1265 917 Boeelshius
1286 850 1319 915 in
1342 847 1476 917 Pindari

144 943 326 1028 fragmento
348 939 485 1025 recepit.
530 944 620 1007 Idem
648 942 831 1008 Boeekbins
857 943 961 1024 ὕψιον
985 953 1075 1006 recte
1098 944 1287 1012 observavit
1307 965 1476 1028 eompara-

143 1036 244 1101 tivum
260 1056 350 1113 esse3
373 1035 463 1100 euius
478 1048 584 1101 tamen
600 1036 664 1101 vim
686 1038 782 1101 Plato
805 1037 933 1101 videtur
955 1036 1151 1122 neglexisse,
1176 1052 1264 1105 certe
1286 1042 1474 1105 adolescen-

143 1140 208 1194 tem
229 1153 293 1196 nou
315 1131 348 1195 id
369 1131 564 1195 dubitantem
585 1131 721 1207 fecisse,
756 1142 827 1194 ntra
848 1129 946 1195 turris
969 1130 1086 1209 altior,
1117 1135 1174 1197 sed
1196 1147 1266 1199 utra
1289 1137 1344 1199 via
1365 1136 1404 1199 ad
1425 1135 1471 1198 al·

143 1237 208 1289 tam
236 1225 397 1292 felicitatis
423 1225 535 1289 turrim
565 1227 815 1329 adscendendum
838 1225 914 1289 sit.‘'
959 1224 1059 1292 Cani.
1090 1248 1117 1291 s.
1147 1250 1182 1292 v.
1205 1230 1359 1320 Πότερον
1380 1234 1471 1306 δίκας

143 1336 246 1402 τειχος
270 1324 383 1402 ὕψιον.

224 1418 444 1525 Ἡσοχάζιιν,
470 1417 655 1504 quiescere.
700 1419 777 1482 Hoc
793 1418 896 1481 verbo
911 1418 1080 1482 utebantur
1096 1416 1215 1494 Stoici,
1239 1437 1310 1482 eum
1325 1416 1469 1482 dicerent

141 1509 174 1574 in
203 1512 305 1575 sorite
334 1532 404 1576 esse
432 1511 465 1575 in
494 1522 638 1596 tempore
666 1511 916 1586 subsistendum,
952 1532 985 1574 v.
1008 1532 1039 1574 c.
1063 1511 1091 1574 si
1113 1521 1342 1597 quaereretnrs
1363 1506 1466 1575 triane

143 1604 240 1668 multa
262 1604 350 1669 sint?
380 1616 474 1689 post,
505 1627 543 1670 an
567 1617 736 1692 quattuor,
766 1617 799 1669 et
820 1605 867 1668 sic
888 1625 1010 1688 porro,
1043 1607 1244 1671 desinendum
1269 1627 1340 1672 esse
1368 1605 1468 1688 paulo

143 1710 217 1763 ante
247 1720 341 1783 quam
371 1702 410 1763 ad
433 1700 531 1764 multa
552 1711 742 1783 perventum
765 1700 817 1763 sit.
841 1701 927 1763 Ean.
984 1752 1000 1782 „
1012 1699 1127 1764 Placet
1150 1699 1231 1765 enini
1255 1699 1467 1783 Chrysippo,

142 1813 214 1857 cum
237 1793 393 1878 gradatim
416 1793 655 1880 interrogetur,
685 1793 779 1858 verbi
801 1814 914 1870 causa,
945 1793 1007 1856 tria
1028 1814 1132 1877 pauca
1154 1794 1217 1858 sint
1243 1816 1323 1861 anne
1351 1797 1465 1872 mtalta,

142 1884 304 1972 aliquanto
332 1888 421 1971 prius
451 1911 544 1972 quam
573 1891 613 1952 ad
642 1889 739 1951 multa
760 1888 929 1970 perveniat
951 1888 1134 1971 quiescere,
1163 1888 1196 1952 id
1218 1900 1285 1967 est,
1316 1892 1408 1977 quod
1429 1891 1467 1952 ab

142 1979 180 2044 iis
201 1982 316 2047 dieitur
336 1984 523 2063 ἡσυχάζειν.
568 1983 634 2049 Per
656 2004 705 2046 me
728 1983 778 2045 vel
801 1993 916 2046 stertas
938 1981 1033 2060 licet,
1056 1980 1159 2068 inquit
1181 1981 1381 2069 Carneades,
1405 2004 1466 2048 non

142 2078 239 2140 modo
262 2076 446 2161 quiescas.''
492 2079 596 2142 Acad.
619 2078 665 2144 11.
689 2077 749 2154 29,
779 2076 835 2142 93.

226 2171 430 2250 Ηῦτόκησεν.
461 2172 541 2236 Vid.
564 2173 728 2240 Εὗτοκεῐν.

772 2355 822 2444 Θ.

227 2556 338 2630 Θιῑος,
368 2565 534 2637 patritias.
578 2551 709 2629 ,Cura,
740 2553 854 2617 amabo
876 2563 924 2628 te,
957 2549 1147 2616 Ciceronem
1168 2561 1332 2615 nostrum:
1355 2547 1386 2611 ei
1407 2566 1464 2611 nos

75 2713 77 2716 ,
141 2654 227 2715 θεῖοι
252 2647 438 2711 videmur.”
488 2649 528 2710 ad
559 2650 633 2711 Att.
656 2645 705 2710 Π.
730 2647 766 2722 2,
803 2651 834 2709 1.
853 2646 994 2729 patrui,
1029 2645 1053 2709 i.
1076 2666 1107 2708 e.
1130 2645 1329 2719 severiores,
1365 2641 1465 2705 minus

142 2762 236 2826 quam
259 2762 319 2823 par
340 2752 389 2803 est
410 2751 561 2803 amantes.
586 2739 781 2819 (Horatiusz
805 2741 861 2804 Ne
883 2740 933 2802 sis
950 2752 1103 2823 patrans
1125 2738 1241 2818 mihi.)
1270 2739 1337 2801 Sed
1357 2735 1384 2800 si
1405 2737 1466 2799 boe

142 2835 298 2899 voluisset
320 2833 460 2911 Cicero,
495 2856 553 2897 cnr
575 2855 639 2897 non
661 2833 777 2896 Latine
799 2832 934 2897 dixisset
953 2834 1102 2917 patrui?
1123 2833 1233 2915 Quare
1256 2831 1466 2916 praeferenda

145 2928 245 2993 altera
266 2928 363 2992 lectio
385 2943 571 2994 aovaoostu:
594 2929 683 3012 qnod
704 2926 790 2990 vide.

229 3023 426 3109 Θεοπόμπου
461 3023 543 3112 πρὸς
565 3022 801 3108 Ἀλέξανδρον,
821 3023 1035 3107 Theopompi
1062 3023 1110 3085 ad
1136 3019 1380 3086 Alexandrum
1401 3017 1467 3083 scil.

144 3115 279 3201 epistola
300 3117 460 3181 suasoria.
504 3117 663 3199 „Mecum
686 3118 790 3180 babeo
813 3129 843 3181 et
855 3118 1104 3203 Ἀριστοτέλους
1121 3130 1153 3181 et
1175 3115 1374 3200 Θεοπόμπου
1390 3113 1468 3200 πρὸς

140 3212 400 3299 Ἀλέξανδρον.”
446 3213 486 3274 ad
511 3213 584 3274 Ast.
612 3212 695 3277 Xll.
724 3213 783 3287 110,
819 3213 851 3274 2.
900 3211 1002 3279 Cotti·
1033 3215 1072 3275 ad
1102 3212 1173 3276 Au.
1196 3210 1299 3277 XIII.
1323 3210 1387 3286 28,
1421 3209 1466 3271 It

144 3305 262 3388 „Quae
287 3308 425 3370 suntad
451 3305 671 3370 Alexandrum
697 3306 860 3370 hominnm
893 3307 1108 3392 eloquentium
1139 3317 1171 3370 et
1198 3309 1369 3370 doctorum
1397 3323 1466 3369 sua·

143 3398 267 3476 siones,
292 3399 381 3464 vides
403 3399 519 3484 quibus
540 3400 572 3464 in
594 3402 692 3464 rebus
714 3410 896 3465 versentur.
905 3400 924 3425 ”

227 3495 417 3577 Θεοφάνης,
445 3497 686 3578 Theophanes·
738 3494 872 3575 „Quare
901 3495 929 3559 si
955 3495 1032 3580 qnid
1061 3497 1233 3578 Θεοφάνης
1252 3507 1359 3558 tecum
1381 3493 1466 3557 torte

143 3588 333 3664 contulerit,
358 3610 397 3652 ne
420 3588 550 3653 omnino
572 3588 791 3672 repudiaris.'’
814 3593 853 3651 ad
869 3591 938 3655 Αιι.
953 3590 1001 3654 ll.
1018 3591 1056 3664 5,
1082 3593 1113 3652 d.
1131 3591 1207 3655 Vid.
1223 3588 1465 3654 Onomastieon.

227 3683 446 3766 Θεοφράστου
476 3694 549 3770 περὶ
582 3690 788 3767 φιλοτιμίαι,
815 3684 1046 3766 Theophrasti
1077 3684 1119 3747 de
1150 3682 1267 3746 studio
1297 3683 1465 3746 bonoram

140 3775 235 3841 liber.
286 3830 303 3860 „
313 3779 533 3860 Θεοφράστου
567 3791 641 3866 περὶ
671 3785 866 3862 φιλοτιμίας·
888 3777 971 3840 atter
998 3775 1074 3842 nihi
1095 3779 1134 3841 de
1154 3776 1247 3841 libris
1269 3776 1382 3859 Quinti
1400 3776 1465 3839 Ira·

141 3871 241 3938 tris.’'
286 3875 326 3935 ad
347 3874 420 3936 An.
444 3873 493 3938 ΙΙ.
516 3872 552 3948 3,
581 3873 613 3936 d.
659 3873 739 3937 Vid.
765 3870 1009 3937 Onomastieon.

226 3971 369 4056 Θέρμος,
400 3967 553 4050 lupinus.
597 3969 636 4029 ad
659 3969 730 4033 Aa.
753 3967 783 4030 l.
810 3968 846 4044 1,
881 3967 912 4031 2.
956 3965 991 4030 Si
1013 3966 1104 4031 loeus
1125 3976 1173 4029 est
1193 3987 1306 4043 sanus,
1340 3968 1381 4030 de
1402 3956 1485 4049 qno'

140 4060 284 4127 dubitant
305 4059 393 4124 docti
414 4059 575 4140 homines,
600 4061 679 4124 ludit
702 4060 819 4126 Cicero
842 4059 874 4123 in
897 4059 1024 4126 nomine
1048 4059 1182 4125 Thermi
1200 4071 1233 4124 et
1253 4081 1327 4124 suo.
1373 4058 1469 4127 Cice·

137 4155 227 4221 renis
250 4176 365 4220 nomen
385 4166 433 4219 est
453 4175 470 4217 a
494 4155 617 4232 eicere,
642 4162 807 4244 οιθέρμοι
829 4167 902 4219 sunt
927 4154 1046 4239 lupini,
1071 4175 1154 4240 qnae
1176 4165 1250 4218 sunt
1270 4157 1336 4219 duo
1350 4175 1468 4241 genera

138 4250 319 4335 leguminis.
362 4250 448 4314 Ean.
494 4249 619 4315 Confer
643 4249 758 4315 Orellii
780 4249 1031 4314 adnotationem.

223 4349 335 4421 Θέσις,
372 4344 525 4408 uniuersi
552 4344 692 4429 generis
719 4344 894 4429 quaestio,
932 4345 1165 4427 propositum.
1225 4345 1341 4419 ,Haec
1369 4342 1469 4429 igitur

137 4440 283 4525 quaestio
305 4459 323 4500 a
348 4437 493 4522 propriis
517 4439 667 4521 personis
694 4450 726 4502 et
748 4439 947 4521 temporibus
970 4441 1009 4500 ad
1032 4437 1173 4501 universi
1194 4436 1320 4523 generis
1343 4435 1468 4500 oratio·

136 4553 208 4595 nem
235 4531 378 4594 traducta
408 4532 587 4615 appellatur
613 4532 746 4608 δέοις.Η
799 4532 925 4596 Orator
948 4533 1007 4607 lt,
1042 4533 1093 4596 td.
1115 4567 1157 4580 -
1202 4532 1308 4614 „Stant
1330 4529 1467 4594 maxime

135 4625 311 4702 luminosae
334 4634 366 4686 et
387 4629 480 4714 quasi
500 4639 650 4692 actuosae
682 4637 790 4709 partes
819 4624 1017 4706 (orationis)
1045 4628 1146 4689 duae·
1176 4645 1310 4710 quarum
1333 4626 1465 4690 abesan

134 4723 167 4788 in
190 4722 329 4788 universi
353 4722 480 4809 generis
502 4723 688 4807 quaestione
708 4741 816 4805 pono,
840 4740 954 4806 quam,
979 4730 1015 4781 nt
1036 4740 1133 4802 supra
1155 4717 1240 4797 dixi,
1264 4719 1385 4784 Graeci
1406 4738 1464 4802 ap·

133 4818 255 4904 pellant
280 4826 396 4887 θέσιν.
431 4815 601 4881 atteram
591 4836 624 4881 an
656 4815 810 4901 augendis
841 4813 1133 4900 amplificandisque
1159 4816 1275 4892 rebels,
1309 4834 1393 4901 qnae
1420 4814 1461 4878 ab
