3202 5318
592 372 1018 444 GRAECO-LATINUS.
1416 374 1457 444 37

133 515 193 579 bns
213 524 380 599 tamqua-
402 510 578 598 insignibus
600 512 630 577 in
655 526 770 577 ornatu
792 515 1045 598 distinguebatur
1064 515 1166 582 omnis
1189 517 1336 583 oratio.’'
1359 520 1454 584 Brut.

136 608 195 685 tt,
226 608 304 672 215.
327 641 370 655 -
418 610 489 682 ,Ar
509 629 580 670 cum
603 609 642 670 de
664 609 856 672 ornamentis
878 612 1052 673 verborum
1074 613 1339 676 sententiarumve
1361 633 1456 696 prae·

133 701 271 787 cipitm,
296 718 379 786 ossae
403 714 518 766 rorant
541 702 711 786 σχήματα,
741 725 804 767 uon
827 703 864 766 ut
887 702 1009 767 idem.‘’
1054 706 1142 786 Tap.
1167 706 1204 780 8,
1228 705 1279 769 31.

164 838 172 845 -
216 789 387 876 Σχόλιον,
415 796 586 870 scholion,
619 797 726 862 breuis
747 797 949 881 explicatio.
1007 844 1022 870 „
1031 797 1137 862 Velim
1168 799 1303 878 σκόλιον
1328 799 1457 884 aliquod

132 889 243 955 elimes
266 892 306 953 ad
328 911 395 965 nie,
432 889 617 971 oportuisse
640 901 671 952 tc
692 892 773 953 istuc
801 891 951 956 iacere.’'
1000 895 1039 954 ad
1067 893 1139 956 Αιι.
1168 893 1269 957 XVi.
1293 897 1330 970 7,
1361 894 1393 956 3.
1416 925 1458 938 -

133 984 235 1068 ‚itai
256 982 335 1069 quid
355 983 419 1046 iam
441 1003 524 1065 opus
546 995 595 1046 est
609 984 749 1068 apollo?
771 984 805 1048 Si
820 1006 1086 1066 perseverassem,
1109 1006 1191 1068 opus
1205 986 1350 1051 inisset.''
1371 985 1456 1049 lbid.

217 1078 440 1166 Συκρωικῶς
465 1085 511 1152 εἰς
532 1077 701 1162 ἑκάτερον,
725 1079 982 1144 Socraticorum
1004 1101 1099 1172 more
1120 1081 1157 1144 in
1179 1092 1361 1165 utramque
1374 1100 1459 1163 par·
1533 1104 1536 1109 ’

135 1184 205 1237 rem
229 1170 302 1237 sa't.
330 1172 505 1254 disputare.
562 1172 696 1253 „Venio
727 1192 810 1235 utine
837 1174 874 1235 ad
902 1194 1036 1237 mensem
1060 1174 1241 1238 Ianuarium
1265 1187 1295 1238 et
1318 1176 1356 1238 ad
1378 1172 1460 1240 tat-

134 1291 256 1333 στασιν
281 1277 424 1331 nostram
450 1286 488 1328 sc
514 1273 699 1333 uetustae:
728 1266 761 1329 in
788 1288 852 1349 quta
882 1267 1098 1352 Σωνρατικῶς
1128 1260 1172 1345 εἷς
1200 1270 1369 1357 ἑκάτερον,
1402 1270 1461 1332 sed

134 1370 243 1423 tamen
274 1363 314 1423 ad
350 1371 545 1437 extremum,
580 1373 614 1423 ut
646 1360 691 1423 ilii
727 1361 889 1437 solebant,
928 1362 984 1441 τήν
1015 1361 1261 1448 ἀρίσκουσαν.”
1316 1364 1355 1425 ad
1388 1362 1458 1426 Αιι.

137 1453 186 1519 11.
203 1453 249 1529 a,
271 1453 305 1518 3.
675 1449 678 1456 ’

217 1548 344 1633 Hunc,
371 1551 525 1633 Corpus,
550 1549 573 1612 i.
586 1569 618 1611 e.
641 1548 792 1614 collectio
807 1570 834 1614 s.
848 1549 995 1613 volumen
1020 1549 1216 1614 orationum.
1241 1551 1336 1632 „Hoc
1354 1561 1455 1615 toturn

139 1646 236 1727 σᾶμα
257 1641 481 1723 (orationum)
507 1644 629 1707 curabo
651 1655 685 1706 ut
706 1643 865 1707 habeas.”
909 1647 948 1706 ad
969 1646 1042 1708 Αιι.
1066 1645 1112 1710 ΙΙ.
1135 1648 1171 1720 1,
1186 1644 1230 1709 o.

218 1739 403 1823 Σωριίτης,
437 1739 588 1812 Sorites,
618 1758 720 1822 genus
741 1736 946 1821 sophismatis
970 1739 1019 1803 vei
1048 1739 1208 1822 captiosae
1230 1737 1462 1825 interrogatio·

137 1831 198 1909 ais,
219 1852 294 1895 cuna
315 1831 484 1916 quaeritur
506 1854 538 1896 r.
562 1852 591 1897 c.
618 1853 658 1893 au
689 1834 753 1894 diro
784 1831 881 1894 tritici
915 1853 1014 1918 grana
1048 1854 1181 1896 acervus
1212 1833 1292 1910 sint,
1324 1854 1459 1917 cirrisque

139 1924 352 2010 idnegatnr,
387 1926 502 1990 sensiru
536 1925 682 2009 pergitur
712 1927 930 2002 numerando,
967 1929 1070 1990 donec
1095 1925 1208 2008 aliquis
1231 1927 1286 2012 qui
1313 1937 1461 2012 negasset

138 2020 315 2104 qaindecim
338 2040 408 2082 esse
431 2039 580 2082 acervum
612 2022 736 2082 tandem
764 2018 893 2103 cogitur
923 2020 1031 2084 addito
1056 2042 1119 2084 rino
1145 2021 1267 2095 dicere,
1300 2020 1361 2084 iam
1389 2040 1460 2084 esse

138 2132 299 2177 mersum.
347 2113 645 2194 ,Qiremadmodum
664 2112 766 2176 soriti
787 2112 941 2175 resistas?
963 2136 1058 2198 quem
1081 2113 1107 2176 si
1124 2134 1253 2176 neccsse
1275 2114 1315 2177 sit
1339 2114 1458 2177 Latino

139 2210 240 2271 aerbo
265 2206 364 2271 liceat
388 2210 578 2271 acervalem
608 2208 787 2289 appellare,
822 2209 879 2269 sed
907 2207 984 2269 nibil
1014 2229 1094 2290 opus
1126 2219 1192 2280 est;
1226 2217 1260 2269 ut
1285 2208 1366 2270 enim
1391 2207 1457 2289 ipsa

137 2301 358 2385 pnttosoputa
384 2313 414 2363 et
438 2303 534 2364 multa
562 2303 661 2364 verba
687 2303 905 2376 Graecorum,
937 2302 982 2365 sie
1003 2303 1129 2365 sorites
1150 2300 1225 2363 satis
1248 2302 1366 2366 Latino
1392 2323 1460 2364 ser·

137 2416 225 2460 none
253 2394 350 2459 tritus
378 2394 467 2459 esl.'’
522 2397 561 2458 de
591 2396 703 2460 Divin.
726 2396 775 2459 11.
800 2396 835 2470 l,
872 2400 923 2458 11.
954 2427 993 2439 -
1043 2393 1311 2477 ,Captiosissimo
1341 2416 1458 2477 geuene

138 2487 401 2575 interrogationis
425 2500 573 2565 utuntur,
598 2491 685 2573 quod
702 2510 804 2574 genus
827 2488 951 2552 minime
973 2489 1005 2551 in
1027 2489 1232 2571 philosophia
1254 2488 1386 2571 probari
1404 2509 1458 2552 so-

138 2584 192 2659 tu,
226 2604 302 2647 corn
329 2581 447 2667 aliquid
474 2582 650 2677 miputatim
674 2594 705 2645 et
731 2583 885 2663 gradatim
912 2582 1036 2644 additur
1058 2594 1111 2645 aut
1133 2584 1280 2645 demitur.
1325 2581 1460 2645 Soritaa

137 2679 192 2743 boa
219 2688 364 2752 vocant,
397 2676 470 2762 quia
497 2697 646 2740 acervum
676 2676 818 2740 efficiunt
852 2698 914 2741 tino
945 2676 1051 2742 addito
1080 2675 1223 2762 grano.''
1279 2676 1382 2738 Acad.
1407 2674 1456 2738 tl.

140 2772 193 2849 16,
225 2770 282 2836 19.
305 2800 347 2814 -
398 2772 523 2853 „Venit
546 2773 585 2833 ad
605 2772 753 2847 soritas,
780 2772 935 2835 lubricum
954 2793 1028 2834 saue
1050 2783 1080 2834 et
1100 2770 1312 2854 periculosum
1332 2770 1454 2844 loeium,

139 2867 222 2950 quod
248 2877 285 2928 tn
316 2867 413 2928 modo
436 2866 561 2929 dicebas
583 2885 653 2928 esso
676 2864 824 2930 vitiosum
847 2865 1064 2951 interrogandi
1088 2886 1200 2949 genus.
1246 2863 1331 2944 Quid
1353 2859 1457 2946 ergo?

139 2957 223 3022 istius
254 2958 325 3021 vitii
353 2981 424 3020 urim
454 2972 561 3024 nostra
591 2960 682 3039 culpa
714 2958 787 3021 est?
838 2961 957 3024 Rerum
983 2973 1093 3023 natura
1117 2960 1232 3022 nuliam
1257 2956 1348 3021 nobis
1370 2955 1456 3019 dedit

138 3053 352 3137 cognitionem
383 3053 508 3128 linium,
540 3065 573 3117 ut
604 3054 665 3116 utta
689 3053 720 3116 in
742 3075 778 3115 re
800 3067 939 3117 statuere
962 3055 1138 3136 possimus,
1174 3065 1341 3133 quatenus.
1388 3053 1456 3113 Nec

141 3145 199 3209 boc
222 3147 255 3209 io
276 3168 397 3211 acervo
419 3147 515 3210 tritici
537 3147 658 3221 sobuu,
690 3151 771 3210 unde
798 3168 911 3210 nomen
934 3161 999 3221 est,
1032 3150 1086 3209 sed
1110 3148 1192 3209 nulla
1216 3146 1344 3210 omuino
1367 3144 1397 3206 in
1420 3165 1455 3206 re

137 3239 308 3303 minutatim
330 3240 540 3326 interrogati:
565 3241 655 3303 dives
671 3230 807 3324 pauper,
832 3244 936 3303 clarus
957 3243 1113 3304 obscurus
1133 3242 1190 3315 sit;
1218 3239 1312 3302 multa
1336 3259 1451 3319 pauca;

138 3355 243 3420 magna
264 3355 386 3416 parra,
409 3334 505 3419 ionga
527 3335 658 3407 brevia;
688 3335 747 3397 iata
771 3348 921 3419 angusta:
954 3347 1073 3420 quanto
1096 3348 1149 3397 aut
1165 3335 1271 3397 addito
1293 3343 1346 3394 aut
1368 3334 1454 3395 dem·

139 3438 190 3507 pto
220 3438 344 3491 eertum
377 3432 462 3510 quod
485 3431 735 3511 respondeamus
762 3450 826 3491 non
860 3431 1053 3492 babemus.”
1106 3431 1208 3493 Acad.
1231 3429 1278 3491 11.
1302 3429 1363 3503 29,
1399 3426 1452 3489 92.

140 3520 183 3585 De
214 3521 325 3585 Sorite
355 3534 458 3585 exstat
491 3524 610 3587 erudita
641 3522 789 3585 tractatio
821 3522 903 3584 inter
933 3522 1107 3586 Facciolatl
1137 3525 1311 3587 Aeroases.
1367 3521 1452 3583 Eun.

216 3616 357 3702 Σωτήρ,
386 3620 500 3682 Soter.
560 3616 701 3699 ,itaque
731 3638 800 3678 eum
833 3618 1010 3695 (Verrem)
1043 3638 1106 3680 non
1133 3617 1238 3680 solum
1264 3626 1453 3698 patronum

140 3707 215 3774 itin·
234 3711 373 3785 insulae,
394 3715 449 3774 sed
471 3711 563 3774 etiam
585 3713 726 3793 Σωτῆρα
748 3710 933 3791 inscriptum
958 3710 1020 3772 vidi
1044 3710 1223 3789 Syracusis.
1262 3710 1337 3771 Hoc
1356 3727 1454 3790 quan·

141 3813 199 3867 ιιι
226 3801 303 3868 esti
346 3804 396 3868 Ita
418 3826 584 3890 magnum,
616 3818 651 3868 ut
679 3804 795 3868 Latine
823 3825 887 3866 tino
918 3807 1018 3867 verbo
1041 3804 1176 3886 exprimi
1201 3824 1263 3867 non
1286 3799 1452 3883 possitis

141 3908 182 3958 est
204 3896 355 3963 nimirum
382 3900 483 3963 Soter
504 3899 670 3985 (σωτήρ),
701 3900 754 3983 qui
773 3900 902 3963 salutem
926 3898 1054 3960 dedit.''
1099 3900 1197 3961 Verr.
1220 3896 1268 3959 11.
1293 3895 1352 3970 63,
1378 3894 1451 3956 tat.

140 3988 184 4055 tte
197 3994 266 4057 noc
287 3993 497 4076 cognomine,
523 4000 609 4079 qriod
631 3996 747 4058 crebro
763 3994 791 4057 in
807 3993 909 4056 nitmis
929 3992 1020 4066 iovi,
1038 3994 1207 4073 Neptuno,
1234 3987 1449 4069 Aesculapio,

138 4082 326 4163 biomria,
356 4087 508 4163 Herculi,
533 4087 678 4163 medicis,
711 4088 843 4173 regibus
866 4100 896 4150 et
920 4085 1112 4152 Caesaribus
1134 4083 1284 4147 tribuitur
1307 4094 1337 4144 et
1358 4100 1451 4162 saepe

138 4178 318 4266 Euergetae
344 4178 503 4266 iungitur,
540 4182 606 4245 vid.
631 4184 801 4265 Spanbem.
825 4184 863 4244 de
888 4204 946 4245 usu
977 4195 1007 4244 et
1037 4193 1157 4260 praest.
1188 4175 1333 4240 numism.
1362 4173 1451 4237 Diss.

138 4272 212 4339 vll.
236 4297 272 4357 p.
297 4275 373 4336 116.
396 4287 428 4337 et
450 4275 537 4338 Diss.
560 4276 645 4339 Xil.
669 4298 701 4358 p.
725 4278 799 4339 500.
835 4279 979 4339 Verbum
1003 4277 1180 4345 Salvator,
1206 4291 1270 4352 quo
1293 4272 1451 4334 Graecum

138 4371 302 4435 eon-ote
329 4366 600 4450 interpretantur,
632 4369 800 4435 Ciceronis
824 4381 925 4432 aetate
948 4370 1086 4433 nondum
1112 4366 1257 4428 usitatum
1284 4362 1356 4425 luit.
1401 4363 1451 4427 De

140 4482 173 4526 eo
192 4464 278 4538 vid,
302 4474 433 4545 praeter
451 4461 572 4527 Cellae.
591 4463 622 4526 io
646 4466 732 4528 Lex.
757 4464 871 4538 Fabri,
898 4462 969 4528 Cei.
993 4464 1212 4524 Heumanumn
1236 4459 1274 4520 ad
1296 4458 1453 4520 Summar-

140 4558 218 4623 that
240 4555 364 4640 Eiogia
386 4577 420 4638 p.
441 4556 514 4620 239.
560 4559 681 4621 Verum
704 4558 815 4641 quaeri
841 4569 959 4640 potest,
984 4576 1042 4617 cur
1065 4552 1182 4617 Cicero
1205 4561 1309 4636 neget,
1334 4551 1451 4616 Latino

143 4668 200 4715 no
220 4652 326 4715 verbo
344 4648 434 4713 reddi
449 4671 557 4733 posse,
582 4673 651 4714 cum
674 4655 837 4716 Servatur
852 4650 968 4713 Latine
989 4648 1112 4709 dicatur
1134 4646 1228 4729 idque
1246 4647 1453 4711 verbnmsine

144 4743 233 4810 labio
255 4745 452 4828 respondeat
475 4745 625 4809 Graeco?
648 4748 728 4809 Nam
749 4746 779 4809 in
801 4744 901 4807 niimis
917 4755 949 4806 et
961 4741 1136 4823 lapidibus,
1161 4739 1212 4824 quii
1237 4739 1370 4804 Graecis
1392 4743 1455 4804 So-

144 4845 226 4903 lem
255 4837 425 4914 dicantem
458 4838 581 4904 Latinis
614 4851 686 4904 sum
716 4843 930 4906 servatores.
980 4835 1113 4919 Iupiter
1139 4836 1263 4922 quidem
1292 4836 1454 4900 Servatur

209 4965 337 5013 Oro-ut·
357 4964 412 5013 cis.
431 4966 477 5012 ili.
1294 4960 1308 5008 l
