3202 5318
141 294 204 359 ibi
622 289 773 359 INDEX
790 290 977 358 Leuant.

136 435 313 501 coenantis
342 436 566 510 adhibebatur,
600 432 738 516 proprio
773 433 900 497 nomine
928 433 1175 498 sodaliciorum
1205 447 1254 498 est
1289 436 1462 517 appellata.

137 531 270 594 Sodales
289 541 391 592 autern
415 531 478 592 bac
496 529 528 592 ia
548 529 622 592 loco
644 539 734 590 erant
755 527 846 611 quasi
868 527 1006 591 ciusdem
1029 526 1177 593 factionis
1197 541 1229 592 et
1252 528 1464 595 condicionis.

137 625 170 688 Si
201 623 273 707 qttis
302 632 408 687 autem
437 621 562 686 tribulis
590 621 785 685 decuriasset
817 633 849 684 et
879 621 1139 704 conscripsisset,
1175 635 1209 685 ut
1240 636 1465 705 corrumperet

135 718 309 801 papulum,
337 717 489 800 ‘quioniam
517 709 713 779 multitudine
737 737 857 798 cogere
884 715 1068 792 videbatur,
1094 717 1141 779 vis
1163 716 1347 799 videbatur3
1381 740 1466 802 qaro-

135 811 217 875 niam
244 810 377 893 pecunia
401 812 631 888 contendebat,
655 813 694 873 ad
716 809 865 873 ambitum
884 810 1078 892 pertinebat.
1122 812 1225 875 Erant
1246 825 1350 873 tamen
1372 814 1467 876 soda-

134 906 202 970 licia
231 906 273 969 ab
303 904 426 969 ambitu
449 906 588 970 diversa.
635 907 716 969 Nam
746 906 777 968 in
803 903 962 968 sodaliciis
991 927 1050 987 per
1078 907 1196 970 sodalis
1225 907 1405 970 decuriatos
1434 919 1468 969 et

134 1001 338 1082 conscriptos
359 1020 412 1064 res
436 1002 606 1083 agebatur,
629 1000 662 1063 in
678 986 803 1062 ‘ambitu
825 1020 883 1082 per
897 998 1070 1082 sequestris
1087 1011 1119 1062 et
1132 1001 1303 1066 divisores.
1348 1001 1466 1085 Itaque

135 1094 290 1178 scripturn
313 1106 361 1157 est
383 1106 459 1177 aput
481 1095 676 1169 Ascanium,
701 1095 860 1158 Milonem
885 1096 995 1157 eodem
1014 1104 1163 1176 tempore
1181 1098 1219 1158 de
1238 1095 1356 1158 ambitu
1376 1097 1465 1159 etde

134 1187 293 1254 sodaliciis
324 1200 401 1270 aput
431 1187 578 1253 diversas
607 1189 810 1273 quiaesitores
837 1199 868 1250 et
900 1210 917 1250 a
944 1186 1079 1251 dirersis
1109 1189 1366 1255 acrirssatoribus
1394 1210 1465 1253 essa

132 1283 341 1367 postulatum.
385 1283 430 1346 Et
448 1282 662 1346 Mamertinus
686 1282 766 1345 dixit
789 1283 827 1344 ad
849 1282 1006 1345 Iulianum
1032 1281 1266 1364 inperatorem:
1291 1287 1348 1348 An
1369 1306 1462 1360 uero,

133 1378 167 1443 si
191 1375 395 1440 centuriatis
420 1378 571 1441 comitiis
598 1380 719 1441 consul
731 1388 884 1463 ,creatus
913 1396 1041 1451 essem,
1069 1378 1260 1461 gloriosius
1281 1378 1367 1441 milri
1388 1379 1464 1441 asni·

134 1471 224 1536 uersi
243 1471 364 1555 papuli
384 1469 572 1559 srtffragiis
584 1473 780 1535 declaratus
794 1470 954 1533 uiderer?
974 1472 1153 1544 Minumer
1174 1471 1344 1557 siquidem
1360 1470 1464 1535 etiarn

134 1565 204 1630 illia
231 1565 359 1649 priscis
393 1566 605 1648 temporibus
636 1569 825 1629 multorum
860 1566 991 1629 ambitu
1008 1564 1094 1658 fuit
1125 1587 1267 1651 campus
1300 1564 1461 1657 infamis.

135 1662 234 1725 Nota
260 1660 451 1725 divisorum
460 1660 633 1753 flagitia,
662 1672 765 1724 notae
792 1660 986 1724 libellorum
1014 1662 1246 1746 praestigiae,
1277 1672 1353 1723 turn
1384 1682 1464 1743 ope·

135 1773 257 1817 rarum
282 1754 330 1817 ad
357 1755 426 1817 uim
454 1766 487 1817 et
517 1755 718 1819 seditionem
749 1774 873 1817 manus
899 1766 1045 1837 emptae.
1090 1756 1280 1820 sodalitates
1308 1754 1464 1817 etiamad

136 1847 287 1911 ambitum
309 1849 492 1930 pertinere,
516 1849 654 1912 ostendit
671 1848 789 1912 Cicero
806 1870 868 1930 pro
883 1849 1018 1912 Plancio
1040 1848 1097 1930 (C.
1121 1851 1202 1913 XV.
1226 1851 1258 1921 §.
1283 1848 1370 1927 db),
1394 1869 1464 1911 cum

136 1942 230 2006 dicitt
269 1946 346 2007 Hoc
367 1943 478 2026 igitur
499 1943 687 2006 sensimus:
723 1944 966 2026 cuiuscumque
986 1943 1099 2007 tribus
1121 1943 1273 2028 largitor
1302 1954 1410 2013 esset,
1434 1954 1467 2005 et

133 2059 197 2120 per
217 2038 305 2099 hanc
325 2037 601 2109 consensionem,
637 2058 724 2121 puae
754 2037 867 2120 magis
888 2038 1026 2099 honeste
1055 2058 1158 2121 quam
1188 2058 1265 2100 uere
1293 2036 1464 2098 sodalitas

133 2130 389 2207 nominaretur,
424 2153 526 2216 quam
553 2114 697 2216 'quimus
723 2130 849 2193 tribum
879 2131 974 2212 turpi
1000 2130 1187 2214 largitione
1212 2143 1462 2213 corrumperet,

41 2236 43 2240 ’
136 2246 215 2289 eum
244 2246 408 2289 maxume
439 2226 484 2289 iis
510 2226 723 2300 hominibus,
753 2223 813 2308 qui
833 2223 909 2287 eius
930 2223 1043 2286 tribus
1064 2236 1195 2298 essent,
1232 2246 1307 2288 esse
1328 2236 1462 2289 notum.

135 2322 189 2384 Ad
220 2319 282 2382 rim
313 2332 416 2384 autem
444 2333 606 2403 spectasse
633 2342 704 2384 cum
727 2318 812 2381 addit
833 2315 889 2396 (C.
913 2317 1052 2381 XVIII.
1073 2324 1105 2394 §.
1129 2319 1218 2395 liu:
1257 2319 1463 2384 Decutiatio

133 2414 329 2489 tribulium,
353 2415 540 2498 descriptio
557 2415 696 2499 populi,
719 2412 898 2503 suffragia
918 2414 1104 2497 largitione
1124 2414 1280 2477 devincta
1300 2415 1464 2479 seuerita-

133 2521 204 2573 tem
225 2521 384 2586 senatus,
408 2521 441 2573 et
460 2509 628 2573 bonorum
643 2510 799 2572 omnium
813 2508 881 2571 uim
895 2528 936 2570 ac
951 2507 1107 2572 dolorem
1121 2508 1333 2572 excitarunt.
1368 2510 1464 2573 Haec

134 2602 217 2667 doce
232 2634 289 2680 -,
307 2604 504 2668 decuriasse
518 2603 713 2678 Plancium,
730 2602 989 2686 conscripsisse,
1004 2616 1212 2687 sequestrem
1216 2600 1364 2694 fuisse,
1379 2622 1464 2685 pro·

134 2698 329 2772 nuntiasse,
365 2697 534 2763 divisisse.
579 2696 765 2760 Decuriatio
795 2698 892 2772 euim,
930 2709 962 2759 et
994 2696 1166 2778 descriptio
1194 2694 1309 2779 populi
1338 2697 1378 2759 ad
1400 2696 1463 2758 vim

134 2790 276 2854 adhiberi
296 2793 439 2867 solebat3
463 2801 498 2854 at
519 2812 580 2874 pro
599 2790 704 2854 Sestio
727 2788 784 2869 (C.
801 2792 883 2854 XV.
906 2797 938 2868 §.
964 2791 1028 2870 34.)
1050 2812 1129 2853 cum
1149 2790 1287 2853 uicatim
1307 2791 1466 2855 nomime

135 2886 451 2961 conscriberentur,
486 2886 768 2960 decuriarentur,
800 2886 848 2947 ad
876 2885 969 2959 uim,
991 2885 1038 2947 ad
1060 2906 1199 2959 manus,
1232 2885 1279 2946 ad
1304 2885 1462 2960 caedem,

38 2988 52 3003 “
133 2978 181 3041 ad
201 2978 429 3061 direptionem
450 2981 697 3043 incitarentur.
719 3000 783 3061 pro
806 2982 903 3041 darno
925 2982 970 3056 (c.
994 2981 1041 3042 V.
1065 2985 1094 3055 §.
1114 2980 1199 3056 ten:
1222 3001 1318 3054 crem,
1343 2980 1465 3063 despe-

134 3072 222 3135 ratis
243 3072 406 3148 ducibus,
440 3075 637 3138 decuriatos
657 3094 699 3136 oc
726 3073 917 3156 descriptos
945 3074 1087 3137 haberes
1109 3073 1284 3136 exercitus
1306 3074 1464 3155 perdito·

134 3186 232 3228 rum.
256 3176 288 3228 ct
309 3166 341 3228 ia
365 3166 412 3231 Il.
435 3165 542 3230 Phia:
565 3168 664 3230 cuius
683 3166 787 3230 etiam
791 3165 1003 3259 familiares
1020 3168 1062 3230 de
1081 3167 1115 3230 oi
1133 3169 1352 3231 condemnati
1366 3181 1460 3245 sunt,

133 3260 226 3345 quod
247 3259 299 3323 tui
321 3261 425 3324 nimis
446 3262 594 3326 studiosi
603 3259 783 3353 fuissent.
816 3275 847 3325 et
868 3283 930 3343 pro
959 3261 1091 3326 Plancio
1115 3262 1170 3340 (C.
1195 3262 1294 3325 XIX.
1318 3268 1349 3339 §.
1372 3267 1460 3342 tb.)=

132 3357 214 3438 Ego
234 3355 412 3420 Plancium
432 3367 466 3418 et
486 3356 601 3437 ipsum
624 3356 906 3437 gratiosumesse
924 3356 1001 3418 dico
1017 3367 1051 3418 et
1069 3357 1228 3419 habuisse
1242 3355 1278 3417 in
1296 3356 1464 3440 petitione

133 3450 259 3512 multos
284 3447 429 3531 cupidos
452 3449 509 3510 sui
527 3449 723 3532 gratiosos,-
743 3470 830 3535 quos
853 3461 894 3513 tu
915 3450 947 3513 si
968 3451 1099 3513 sodalis
1121 3470 1241 3524 umas,
1265 3448 1462 3538 <fictorum

132 3541 321 3607 amicitiam
342 3542 479 3605 nomine
500 3542 662 3626 inquinas
678 3543 882 3607 criminoso.
908 3554 939 3606 et
960 3549 992 3620 §.
1016 3544 1087 3605 liu
1112 3545 1188 3609 Iam
1203 3554 1242 3604 ut
1259 3566 1327 3626 ega
1342 3546 1457 3624 doceo,

132 3637 329 3723 gratiosum
346 3637 382 3698 in
399 3658 465 3699 sua
484 3638 577 3699 tribu
591 3637 769 3700 Plancium
784 3659 841 3697 —r
862 3637 911 3699 sic
929 3648 968 3700 tu
983 3637 1084 3712 doce,
1108 3648 1314 3721 septaestrem
1324 3638 1461 3731 sitisse,

133 3733 301 3817 largitum
321 3752 414 3807 esse,
438 3731 702 3813 conscripsisse,
727 3731 864 3794 tribulis
886 3732 1116 3794 decuriasse.”

220 3826 310 3889 Haec
334 3823 502 3907 Sigonius,
533 3824 665 3908 quibus,
691 3847 757 3909 qino
778 3826 905 3907 planior
928 3848 980 3889 res
1003 3826 1074 3902 liat,
1107 3828 1184 3889 baec
1206 3826 1346 3887 addenda
1369 3839 1461 3909 puto.

134 3920 302 3994 Ambitus,
339 3931 486 3983 monente
517 3920 633 3994 Festo,
670 3920 788 3981 crimen
820 3920 968 3984 adfectati
1000 3921 1134 3984 bonoria
1167 3919 1239 3983 luit.
1282 3920 1397 4005 Itaque
1427 3923 1460 3987 ia

134 4013 271 4079 ambitus
300 4013 421 4077 crimen
447 4014 642 4087 vocabatur,
677 4014 867 4096 quicumque
893 4013 1014 4079 inlicito
1044 4016 1141 4079 modo
1167 4016 1390 4091 laboraverat,
1427 4029 1462 4079 ut

133 4109 254 4186 bonos,
279 4130 373 4195 quern
396 4108 543 4190 petebat,
566 4105 628 4169 sibi
649 4109 863 4173 mandaretur.

165 4203 171 4214 ’
219 4206 254 4269 la
276 4203 528 4285 modus-duplex
546 4200 756 4283 potissumum
776 4202 857 4266 luit:
893 4202 1126 4267 auteaimsola
1147 4204 1339 4287 largitione,
1363 4205 1396 4269 id
1414 4218 1463 4271 est

80 4358 85 4365 .
134 4301 267 4364 nummis
293 4299 403 4362 aliisve
427 4296 626 4371 muneribus,
662 4316 742 4378 quiae
768 4298 893 4379 populo
920 4297 1103 4361 dividebant
1128 4300 1338 4363 dividendsre
1368 4320 1462 4365 cnm·

134 4395 226 4470 bant,
250 4394 403 4477 suffragia
426 4392 493 4455 eius
515 4389 754 4465 devinciebaut,
778 4404 832 4453 aut
855 4392 938 4467 vim,
961 4414 1054 4477 quam
1077 4393 1178 4474 ipsam
1202 4391 1263 4458 sibi
1290 4394 1463 4479 largitione

134 4490 305 4570 parabant,
327 4491 368 4550 ad
389 4489 664 4571 consequendum,
688 4507 783 4570 qoem
810 4486 978 4562 volebant,
1003 4488 1162 4552 honorem
1184 4490 1392 4555 adhibebant.

220 4580 282 4646 Vis
305 4591 406 4643 autern
428 4581 619 4643 cernebatur
639 4579 670 4641 in
692 4601 750 4654 so,
779 4582 868 4663 quod
887 4580 968 4643 certi
990 4580 1117 4663 quidam
1144 4583 1305 4658 homines,
1334 4585 1462 4649 sodales

135 4672 229 4749 dicti,
263 4695 346 4759 quius
370 4674 527 4738 candidati
555 4672 726 4758 largitione
752 4685 982 4757 corruperant,
1019 4676 1245 4740 mrrltitudiuem
1277 4681 1459 4763 cogebant,

135 4779 172 4833 at
191 4766 240 4845 ei,
269 4787 376 4851 aqrro
397 4778 488 4832 erant
508 4767 673 4852 corrupti,
705 4769 862 4834 bonorem
885 4768 1037 4834 deferret.
1081 4772 1121 4837 ld
1147 4792 1214 4857 quo
1235 4771 1364 4838 facilius
1389 4771 1460 4838 lieri
