3202 5318
626 360 977 449 trasumenum.
1397 370 1457 434 aas

137 503 317 577 „Aciliam
344 522 413 566 esse
439 499 651 584 posteriorem
680 503 843 566 Seruilia:
875 526 956 587 quae
984 504 1093 586 opinio
1121 507 1281 591 negotium
1309 510 1403 574 nobis
1423 511 1457 573 in

135 598 236 677 „loco
258 597 318 661 illo
340 598 475 661 lacessat
497 616 625 659 necesse
648 608 706 658 est.
748 599 828 659 Nam
845 600 1045 680 paraphrasis
1062 601 1240 664 Graeviaua
1263 604 1458 687 contribuit

132 689 344 765 ,sententiam
374 689 499 753 facilem
530 701 560 752 et
590 690 774 756 naturalem.
824 691 912 754 Duas
943 693 1031 774 leges
1065 709 1290 758 commemorat
1319 690 1455 772 Cicero,

131 786 311 868 „Aeiliam
333 795 365 848 et
378 784 575 859 Serviliam,
599 783 685 846 cuius
701 795 797 866 eaput
812 787 849 847 de
865 786 1195 867 comperendinatione
1211 788 1240 850 in
1259 793 1453 854 Corneliam

133 878 346 961 „merelatum
377 889 461 953 erat,
496 880 585 962 quod
611 877 776 941 acerbiora
798 877 910 940 iudicia
933 881 1088 953 efficeret3
1124 884 1209 965 quod
1232 903 1307 946 sane
1329 905 1392 947 non
1414 885 1459 947 le·

135 971 277 1053 „cisset,
311 972 340 1054 si
360 969 505 1034 acerbius
528 982 625 1046 esset,
659 972 754 1034 semel
777 971 859 1034 dicta
882 993 992 1045 causa,
1022 974 1243 1053 pronuntiare.
1287 977 1457 1040 Acerbitas

132 1075 264 1139 ,autem
287 1064 415 1150 legum,
437 1064 485 1127 uti
506 1075 653 1129 constare
674 1077 804 1146 poterat
826 1064 986 1141 Graevio,
1020 1088 1083 1130 non
1106 1068 1206 1131 solnm
1230 1069 1333 1149 posita
1356 1082 1404 1134 est
1425 1071 1457 1135 in

135 1159 300 1241 „poesim
335 1160 391 1222 sed
418 1157 510 1221 ctiam
541 1156 573 1221 in
600 1158 704 1221 lorma
730 1157 855 1234 iudicii,
891 1180 953 1242 qua
975 1159 1091 1223 arctius
1114 1161 1344 1245 constringitur
1364 1184 1457 1236 retis3

139 1253 257 1333 „qnod
276 1272 318 1315 ex
341 1251 446 1316 multis
468 1251 594 1336 legibus
616 1250 751 1335 intelligi
772 1263 896 1334 potest,
930 1250 962 1314 in
993 1252 1107 1336 quibus
1135 1258 1202 1318 sola
1229 1256 1332 1319 lorusa
1354 1257 1462 1320 iudicii

142 1355 289 1419 ,mutata
310 1356 359 1409 est
381 1358 413 1408 et
434 1345 578 1408 severior
600 1344 786 1407 constituta.
832 1346 915 1421 lam,
939 1345 1045 1430 pergit
1061 1345 1198 1423 Cicero,
1221 1361 1337 1412 utram
1354 1363 1462 1435 putas

141 1439 383 1511 „madorem
417 1442 506 1522 quod
533 1439 576 1502 ita
603 1438 798 1523 intelligatur
825 1459 953 1502 necesse
981 1451 1046 1515 est,
1080 1442 1270 1506 Aciliamne
1287 1457 1394 1529 putas
1415 1468 1462 1509 an

139 1532 346 1608 ,Seruiliam
365 1533 583 1597 molliorem?
618 1535 734 1617 Neque
763 1532 843 1595 enim
872 1535 911 1596 de
940 1532 1000 1596 alia
1029 1534 1163 1598 dixerat.
1208 1539 1261 1599 Ex
1291 1560 1355 1624 quo
1386 1532 1479 1605 ittud'

138 1646 298 1712 ,quoqne
319 1625 463 1712 cogitur,
498 1638 533 1689 ut
553 1627 743 1709 pronomina
765 1627 876 1701 illam,
911 1626 989 1703 illa,
1024 1630 1103 1703 lrac,
1137 1632 1176 1691 ad
1197 1630 1254 1692 has
1276 1633 1352 1695 duas
1374 1635 1464 1718 leges

139 1720 359 1793 ,referamus
402 1723 470 1785 Illa
491 1741 571 1804 ergo
593 1741 664 1783 cum
686 1723 726 1782 ad
747 1720 896 1784 Aciliam
916 1719 1093 1802 pertineat,
1127 1723 1190 1784 lico
1219 1725 1258 1785 ad
1284 1727 1464 1790 Serviliam

139 1812 328 1891 „referatur
355 1833 483 1877 necesse
512 1823 575 1889 est,
611 1835 673 1877 non
703 1815 743 1875 ad
772 1814 982 1889 Corneliam,
1018 1814 1077 1877 nisi
1106 1827 1260 1899 quatenus
1282 1820 1345 1880 hoc
1367 1834 1464 1903 eaput

139 1927 334 1988 ,commune
354 1908 464 1970 habuit
481 1930 552 1971 cum
572 1908 730 1973 Servilia.
774 1908 841 1969 Iam
866 1906 984 1971 Cicero
1006 1908 1110 1970 statim
1133 1919 1209 1990 post
1230 1921 1346 1974 utram
1367 1913 1460 1976 dicit:

139 2003 293 2086 „opinor
311 2002 409 2066 illam
429 2014 588 2066 ueterem.
633 2001 697 2063 Sed
715 2003 795 2063 hauc
813 2012 954 2064 veterem
976 2002 1071 2083 paulo
1093 2013 1169 2083 post
1191 2004 1329 2085 appellat
1350 2007 1463 2069 mitio·
1558 2040 1563 2049 ·

140 2116 255 2169 ,reme
288 2099 377 2181 quod
399 2117 460 2180 qua
480 2095 618 2159 lormam
640 2095 747 2158 iudicii
768 2095 800 2156 in
823 2095 971 2159 Aciliam
993 2095 1155 2159 convenit.
1199 2097 1301 2173 ltem,
1335 2110 1464 2181 sumpto

140 2190 249 2265 ,bom
271 2189 368 2255 illam
389 2192 533 2254 veterem
555 2189 732 2253 molliorem
756 2209 843 2264 csse,
869 2188 1047 2272 subiungit:
1072 2189 1180 2272 Atqui
1201 2210 1266 2273 ego
1287 2192 1349 2253 tibi
1369 2192 1464 2254 illam

142 2282 318 2359 ,Aritium
346 2283 509 2358 restituo,
543 2294 578 2345 ut
605 2303 668 2346 non
698 2281 756 2358 sit,
789 2285 877 2364 quod
904 2303 1116 2366 conquerare.
1162 2284 1368 2347 Manifestum
1398 2296 1464 2358 est,

145 2378 264 2452 ,illam
292 2388 440 2442 umorem
468 2387 500 2440 et
526 2375 622 2439 illam
642 2374 791 2440 Aciliam
813 2377 941 2437 eandem
965 2396 1048 2438 esse.
1091 2377 1173 2438 Nam
1201 2379 1287 2460 quod
1310 2377 1466 2441 Graevius

144 2493 229 2556 ,per
249 2484 399 2536 ueterem
421 2469 511 2534 aliam
535 2469 732 2550 superiorem
756 2468 901 2533 Servilia
923 2480 954 2530 et
976 2468 1090 2532 Acilia
1111 2467 1243 2553 intelligi
1266 2479 1372 2551 putat,
1402 2491 1465 2532 non

147 2587 251 2641 ,vero
273 2566 374 2630 simile
396 2575 458 2628 est.
501 2563 589 2626 Dicit
612 2562 691 2626 enim
714 2564 809 2625 illam
830 2574 994 2625 veterem:
1033 2582 1210 2643 pronomen
1234 2563 1329 2625 illam
1358 2583 1467 2626 neces·
1503 2603 1512 2627 ι

148 2658 264 2733 ,urio
293 2661 332 2723 ad
359 2658 495 2741 aliquid,
527 2660 565 2719 de
594 2678 659 2742 quo
689 2660 749 2719 iam
780 2656 915 2731 dictum,
949 2655 1099 2736 pertinet.
1144 2657 1207 2717 Sed
1235 2656 1273 2717 de
1301 2657 1385 2719 nulla
1407 2656 1467 2721 alia

147 2755 292 2835 ,dictam
319 2752 379 2817 nisi
408 2754 445 2815 de
476 2752 609 2828 Acilia,
647 2754 686 2812 ad
714 2772 806 2835 quam
830 2750 944 2812 referri
967 2749 1078 2830 possit.
1122 2750 1212 2813 Haec
1234 2750 1403 2831 explicatio
1426 2773 1467 2812 ex

147 2846 297 2935 „regulis
318 2845 539 2932 grammatices
569 2858 599 2908 ct
621 2845 755 2908 naturali
778 2846 953 2906 verborum
975 2843 1200 2907 consecutione
1222 2844 1265 2907 ita
1286 2855 1370 2906 certa
1394 2844 1469 2907 mihi

147 2940 322 3023 „videtum
353 2951 388 3004 ut
416 2960 509 3003 nemo
540 2940 684 3002 dubitare
712 2938 827 3020 possit.
871 2938 984 3020 Itaque
1015 2937 1063 2998 vel
1093 2959 1133 3000 ex
1162 2940 1226 3001 hoc
1249 2939 1321 3001 mihi
1344 2940 1468 3002 videtur

147 3035 311 3112 ,confirm
345 3034 492 3100 Aciliam
524 3056 591 3096 esse
618 3033 763 3098 Seruilia
790 3030 944 3113 priorem.
988 3031 1120 3094 Aciliae
1142 3032 1206 3115 legi
1227 3055 1320 3095 nemo
1343 3055 1467 3106 eorum,

146 3148 258 3217 ,qm
277 3128 425 3193 consului
448 3131 486 3190 de
513 3129 571 3190 hae
596 3129 667 3211 lege
696 3125 890 3207 scriptores,
919 3146 1032 3187 aunum
1061 3136 1182 3187 certum
1212 3127 1333 3190 tribuit.
1376 3129 1468 3190 Unde

148 3222 276 3311 „igilur
294 3233 440 3296 constat,
464 3221 610 3286 Seruilia
629 3218 870 3302 posteriorem?
895 3221 963 3281 Nec
987 3192 1109 3300 tfflrpus
1127 3240 1184 3281 nec
1198 3218 1281 3282 ratio
1296 3231 1466 3303 repugnat,

150 3336 244 3402 ,qno
264 3314 367 3381 minus
390 3316 504 3379 Acilia
524 3314 616 3397 prior
631 3314 777 3379 Servilia
797 3314 848 3376 sit.
894 3315 967 3393 ipsa
991 3325 1094 3375 autem
1117 3314 1220 3376 sorma
1243 3312 1364 3387 iudicii,
1389 3333 1469 3395 quae

150 3408 327 3487 ,aoerbior
348 3420 396 3472 est
417 3409 447 3471 in
469 3407 632 3484 Servilia,
667 3429 748 3470 vero
771 3408 869 3470 simile
892 3408 982 3469 ctiam
1006 3407 1097 3469 lacit.
1142 3408 1214 3470 Lex
1237 3405 1380 3469 Servilia
1409 3406 1469 3467 lata

154 3514 229 3579 ,eat
255 3522 287 3571 a.
316 3526 351 3566 u.
381 3503 455 3566 653.
501 3505 548 3565 V.
577 3501 609 3563 in
637 3501 783 3565 Seruilia
812 3506 900 3564 Lex.
945 3500 1045 3563 Filius
1068 3499 1163 3564 Acilii
1186 3501 1273 3575 eius,
1309 3497 1362 3584 qui
1390 3499 1471 3558 hauc

155 3598 281 3685 „legem
303 3597 394 3673 tulit,
430 3595 541 3660 consul
563 3595 622 3657 luit
644 3617 672 3659 a.
695 3617 727 3658 u.
752 3596 826 3658 686.
871 3596 953 3655 Τιιηι
977 3595 1129 3677 temporis
1152 3596 1189 3654 ad
1213 3593 1371 3656 minimum
1395 3610 1472 3672 qua·

155 3691 330 3776 ,draginta
357 3703 392 3757 et
419 3703 483 3753 tres
511 3711 609 3752 annos
641 3700 731 3751 natus
761 3699 841 3751 erat.
886 3690 972 3752 luter
1001 3690 1085 3751 latine
1112 3687 1307 3750 consulatum
1336 3695 1471 3766 ergoet

154 3808 294 3867 „annum
316 3784 398 3869 legis
419 3783 586 3849 Seruiliae
607 3782 766 3846 interiecti
787 3794 860 3845 sunt
882 3782 953 3844 anni
976 3782 1102 3846 omuino
1119 3782 1270 3845 XXXII.
1314 3777 1398 3859 Quid
1411 3777 1471 3838 im·

152 3879 284 3963 „pedit‚
308 3901 374 3964 quo
397 3879 496 3942 minsis
518 3876 640 3941 Acilius
661 3890 755 3959 pater
777 3888 848 3940 ante
871 3879 1071 3957 hoctcmpus
1087 3872 1348 3955 tribunusplebis
1364 3869 1471 3934 esset?

152 3976 262 4055 „liam
285 3972 484 4036 tribuniciam
511 3974 591 4034 hanc
612 3973 716 4056 legem
737 3991 805 4036 esse
827 3992 890 4034 non
913 3970 1076 4045 dubitant,
1112 3970 1199 4053 quod
1220 3965 1327 4029 seiam.
1352 4044 1356 4051 .
1375 3964 1472 4042 Quod

152 4065 298 4142 ,Cicero
319 4069 397 4133 Act.
420 4067 450 4130 1.
473 4066 504 4128 iu
520 4046 620 4130 Vere.
643 4088 672 4130 c.
695 4067 745 4132 17.
772 4087 813 4128 ex
835 4087 871 4128 ea
894 4064 966 4149 lege
989 4063 1064 4127 dicit
1086 4058 1292 4125 severissimis
1315 4057 1470 4121 iudicibus
1554 4084 1562 4101 x

152 4183 267 4236 ,mum
289 4160 461 4244 populum,
485 4159 649 4244 ipsamque
671 4161 774 4244 legem
789 4158 1040 4222 severissimam
1057 4156 1197 4237 appellat
1212 4150 1389 4215 Asconius:
1412 4148 1473 4211 suit

154 4275 307 4330 ‚severa,
341 4256 467 4337 quando
495 4255 697 4317 severitatem
726 4252 935 4335 Calpurniae
965 4263 996 4313 et
1025 4251 1146 4314 Iuniae
1176 4244 1280 4308 auxit.
1308 4246 1364 4306 sed
1386 4245 1473 4325 quod

157 4350 259 4427 „hane
285 4347 442 4413 rationem
470 4347 554 4410 addit
583 4344 762 4418 Asconius,
801 4358 839 4409 nt
868 4367 935 4429 qua
957 4365 998 4406 ne
1019 4338 1316 4424 comperendinari
1337 4336 1474 4421 quidem

159 4444 300 4522 ,liceret
322 4463 438 4505 rcum:
464 4463 568 4505 noune
590 4439 695 4523 potuit
718 4439 861 4502 accidere
884 4435 1049 4511 Asconio,
1074 4436 1161 4520 quod
1182 4430 1287 4494 multis
1310 4432 1474 4494 Gramma-

160 4536 249 4609 ,tieis
271 4535 425 4601 accidisse
448 4535 533 4598 docti
554 4533 675 4610 sciunt,
699 4544 792 4617 atque
815 4532 908 4596 etiam
924 4529 1087 4605 Asconio,
1112 4532 1158 4606 (v.
1176 4527 1475 4607 leges,Sacratae,)

167 4641 221 4709 ,nt
240 4630 274 4696 in
293 4629 471 4695 rationibus
493 4629 660 4693 reddendis
683 4627 850 4711 aliquando
873 4627 1035 4688 aberraret
1058 4645 1074 4685 a
1103 4620 1204 4685 vero?
1240 4628 1272 4682 et
1300 4639 1474 4703 aequumne

168 4734 252 4804 „est,
286 4734 425 4809 propter
453 4725 536 4787 banc
555 4722 803 4807 explicationem
826 4718 960 4782 Asconii
992 4718 1054 4779 vim
1085 4717 1191 4779 lacere
1219 4712 1342 4798 legibus
1369 4733 1475 4794 gram·

171 4819 319 4888 „matiees
340 4819 373 4882 in
395 4818 587 4904 explicando
607 4817 682 4884 loco
706 4813 944 4882 Ciceroniano?
978 4835 1069 4897 quem
1094 4813 1216 4888 locum,
1247 4808 1305 4875 uisi
1331 4808 1476 4870 tenebras
