3202 5318
469 314 621 383 INDEX
641 312 993 385 Fortmttualtutt.
1329 314 1390 381 107
1402 302 1427 359 ·’

160 458 335 525 Pecunia
357 467 583 521 numerata.
627 455 713 520 Vide
734 456 968 540 Argentum.

159 553 373 619 Pecuniam
395 550 595 634 publicam
619 562 812 614 tractare.
835 549 977 617 Diuinat.
999 553 1056 629 10,
1081 552 1134 615 33.

158 645 333 715 Pecunia
361 645 614 710 hereditaria
636 644 811 727 opponitur
837 644 1039 730 antiquae.
1077 647 1177 710 Vere.
1201 645 1322 710 Aecus.
1346 643 1386 719 3,
1523 714 1528 719 ,

71 745 131 821 25,
156 743 330 902 11666616
353 854 542 916 praesens
563 830 752 897 solvitur.
787 832 895 897 Vere:
910 832 967 897 lib.
993 835 1029 909 1,
1054 835 1112 909 66,
1138 834 1211 898 116.

156 928 336 996 Pecunia
358 927 592 1013 vectigalis.
615 928 716 991 Verr.
739 929 859 992 Aecus.
885 929 920 1001 1,
944 928 1001 1003 35,
1026 929 1080 993 90.

156 1022 361 1091 Pecuniae
383 1020 747 1086 extraordinariae.
777 1022 877 1085 Verr.
900 1023 1021 1085 Accua.
1044 1022 1083 1096 3,
1107 1026 1165 1099 70,
1193 1012 1277 1088 170.Ι

156 1117 359 1185 Pecuniae
381 1114 733 1181 extraordinariae
757 1117 888 1181 crimen.
916 1119 1004 1180 Vcrr
1026 1119 1147 1182 Accua.
1170 1118 1209 1193 1,
1231 1116 1291 1191 39,
1313 1116 1388 1180 103.

158 1210 361 1277 Pecuniae
383 1211 650 1292 repetendae.¹
686 1207 768 1274 Cum
790 1214 837 1274 de
859 1210 1040 1294 pecuniis
1061 1207 1302 1293 repetundis
1322 1230 1388 1273 no-

71 1330 156 1372 men
178 1306 351 1388 cuiuspiam
374 1306 578 1378 defertur,
602 1303 629 1366 si
654 1316 812 1368 certamen
839 1307 921 1368 inter
945 1305 1070 1388 aliquos
1094 1305 1154 1378 sit,
1184 1303 1235 1367 cui
1259 1300 1390 1386 putissi-

71 1422 157 1465 mnm
182 1399 332 1465 delatio
358 1401 471 1475 detur,
495 1400 575 1461 baec
598 1402 662 1463 dero
683 1398 714 1462 in
738 1400 849 1482 primis
871 1399 1010 1482 spectari
1030 1399 1177 1481 opoitet‚
1206 1416 1300 1479 quem
1323 1416 1390 1459 ma-

70 1495 158 1561 xime
185 1492 282 1558 velint
303 1504 445 1558 actorem
474 1515 543 1556 esee
572 1492 612 1568 ii,
648 1493 762 1577 quibus
788 1493 892 1557 factae
914 1514 983 1557 esse
1005 1492 1152 1556 dicuntur
1172 1488 1323 1563 iniuriae,
1357 1499 1390 1550 et

68 1610 165 1675 quiem
190 1587 314 1655 minime
337 1586 413 1652 velit
436 1587 481 1663 is,
497 1586 567 1679 'qui
594 1607 646 1650 eas
670 1585 802 1651 iniuriae
824 1587 937 1652 1661666
961 1598 1128 1672 arguetur.
1169 1583 1313 1651 Divinae.
1346 1582 1387 1656 3,

71 1681 125 1748 10.
157 1715 198 1727 -
230 1680 365 1748 Civibus
391 1703 460 1744 cum
486 1691 559 1744 suut
587 1690 716 1763 ereptae
738 1680 908 1763 pecuniae,
943 1679 1056 1745 civili
1083 1680 1150 1745 lere
1175 1677 1336 1743 actione
1358 1685 1390 1738 et

68 1775 199 1859 privato
224 1776 294 1842 iure
317 1785 524 1857 repetuntur:
561 1775 628 1838 lex
659 1776 704 1837 de
733 1773 922 1855 pecuniis
951 1772 1191 1857 repetundis
1220 1768 1390 1835 socialia

67 1881 135 1945 est;
166 1872 228 1935 boc
250 1870 299 1933 ius
327 1869 487 1934 nationum
512 1878 693 1932 exterarum
708 1880 777 1939 ,est.
824 1867 968 1932 Divinat.
992 1869 1028 1944 5,
1054 1868 1105 1932 18.
1121 1900 1169 1915 ι-
1199 1864 1285 1932 Vide
1308 1865 1390 1930 Abs

65 1976 104 2027 te
127 1976 193 2028 eet.
217 2000 259 2011 -
289 1964 361 2028 Lex
387 1965 431 2025 de
452 1962 638 2045 pecuniis
659 1963 899 2044 repetundis
921 1962 1081 2027 sociorum
1105 1973 1200 2047 atque
1216 1959 1388 2025 amicornm

67 2056 182 2142 populi
209 2057 346 2124 Romani
368 2068 543 2142 patrona
565 2067 625 2121 est.
670 2057 754 2120 lbid.
779 2058 840 2133 30,
864 2057 918 2121 65.

154 2153 356 2218 Pecuniae
383 2152 581 2215 redactae.
625 2150 712 2213 Vide
734 2150 847 2213 Lites
875 2149 1123 2215 aestimatae.

154 2247 356 2312 Pecuniae
384 2245 579 2309 residuae.
613 2265 675 2327 pro
699 2242 849 2308 Cluentio
872 2245 933 2316 31,
956 2245 1009 2308 91.

156 2339 330 2411 Pedibus
352 2339 411 2404 ire
434 2340 479 2420 (in
505 2338 690 2402 sententiam
717 2338 878 2417 alicuine).
912 2339 996 2402 Post
1016 2340 1086 2402 red.
1108 2339 1139 2403 16
1160 2360 1230 2404 666.
1253 2334 1290 2416 1,
1314 2339 1345 2402 8.

153 2433 363 2499 Peierarc.
405 2434 489 2497 Vide
512 2431 665 2508 Verbis
688 2430 918 2514 conceptis.

154 2529 328 2593 Penates
351 2527 556 2610 patriique
579 2526 647 2591 dii.
684 2547 747 2609 pro
770 2526 875 2590 Sestio
898 2527 954 2602 30,
979 2527 1032 2591 15.

156 2621 400 2688 Pensionem
423 2632 575 2704 petere.
600 2623 639 2684 ad
660 2624 732 2687 Ast.
758 2623 815 2696 11,
841 2621 900 2697 33,
925 2620 958 2684 3.

154 2718 300 2782 Ρ6666.
345 2716 453 2781 Oratt.
476 2716 606 2780 Partitt.
630 2716 687 2791 31,
714 2717 787 2777 107.

154 2814 231 2877 Per
253 2832 316 2874 aes
339 2822 378 2873 et
397 2810 540 2873 libram
562 2811 747 2873 heredem
772 2809 1002 2879 testamenti
1022 2809 1199 2876 coivere.
1221 2814 1260 2878 de
1279 2814 1389 2899 Legg.

67 2907 108 2982 2,
133 2906 190 2980 30,
216 2905 270 2970 51.
1440 2908 1444 2913 “

155 3001 339 3065 Perdere
360 2997 521 3062 tribum.
567 2999 637 3061 Nec
656 3008 730 3078 post
750 2998 884 3061 Romam
909 2997 1066 3061 conditam
1088 3009 1216 3082 praeter
1237 3011 1269 3063 te
1291 2999 1393 3064 tribn-

67 3094 131 3157 lem
156 3114 347 3176 quemqnam
369 3093 514 3156 tribum
537 3092 720 3176 Sergiam
743 3091 984 3173 perdidisse.
1009 3091 1040 3156 in
1061 3092 1173 3158 Vatiu.
1197 3095 1256 3171 15,
1280 3095 1390 3160 36.-

70 3184 129 3252 cf.
152 3187 280 3250 Ferre
303 3186 460 3250 tribum.

155 3280 460 3347 Perduellionis
483 3282 674 3347 actionem
698 3281 911 3344 intendere
933 3281 1040 3345 alieni.
1069 3304 1131 3366 pro
1153 3284 1229 3348 Mil.
1255 3286 1311 3360 11,
1337 3287 1390 3350 36.

156 3376 445 3440 Perendinum.
490 3375 564 3441 ICti
587 3376 679 3439 etiam
705 3396 789 3437 nnnc
810 3386 950 3439 statuere
975 3397 1040 3439 non
1063 3389 1255 3458 potuerunt,
1286 3389 1391 3442 utrum

70 3468 171 3532 diem
193 3471 356 3533 tertium
381 3493 419 3532 an
442 3469 719 3552 perendinum,
751 3469 917 3532 iudicem
945 3492 983 3534 an
1005 3472 1216 3551 arbitrum,
1248 3493 1330 3537 rem
1352 3495 1392 3536 an

69 3563 184 3627 litem
207 3564 269 3629 diei
291 3577 469 3646 oporteret.
505 3586 567 3646 pro
589 3565 728 3628 Murena
752 3564 808 3637 13,
833 3565 887 3627 37.

158 3658 233 3722 Per
253 3659 445 3722 fortunas
469 3671 573 3732 tuas,
607 3657 740 3732 Cicero,
772 3678 844 3738 per
866 3657 1023 3722 liberos
1048 3671 1079 3723 te
1105 3681 1166 3724 oro
1190 3671 1221 3723 et
1243 3660 1392 3725 obsecro.

70 3751 200 3819 Caelius
222 3755 262 3825 ad
283 3753 375 3816 Fam.
400 3754 441 3828 8,
469 3754 525 3829 16,
551 3756 581 3815 1.

156 3845 409 3912 Permutatio
433 3846 608 3928 publica.
653 3843 836 3908 Laodiceae
854 3868 1034 3929 perpaucos
1056 3847 1141 3924 dies,
1165 3851 1237 3911 dnm
1260 3846 1392 3931 pecnnia

70 3938 246 4022 accipitur,
278 3962 358 4023 qnae
389 3941 462 4004 mibi
487 3962 532 4002 ex
555 3939 719 4021 publica
748 3941 1046 4023 permutatione
1068 3944 1220 4019 debetur,
1250 3962 1393 4009 commc-

70 4037 184 4101 rabcr.
208 4038 247 4098 ad
269 4036 360 4099 Fani.
385 4036 422 4108 3,
448 4038 485 4110 5,
511 4037 542 4099 1.

157 4131 406 4213 Perpetnnm
429 4129 553 4193 lenna.
581 4132 716 4193 Senatus
736 4129 913 4192 consultum
936 4130 1053 4193 iactrun
1076 4132 1176 4193 estin
1199 4128 1391 4194 creditorum

68 4245 184 4297 causa,
220 4234 260 4287 ut
288 4223 537 4287 centesimae
559 4235 757 4306 perpetuo
786 4221 930 4287 lenorc
958 4227 1211 4287 ducerentur.
1253 4226 1293 4288 ad
1319 4226 1391 4289 An.

70 4318 108 4392 5,
134 4317 190 4390 31,
217 4317 269 4381 13.

154 4412 425 4476 Perscribere
456 4421 622 4474 senatus
645 4410 943 4475 auctoritatem.
988 4412 1171 4496 Perscripta
1196 4423 1245 4477 est
1266 4423 1392 4477 senatus

68 4506 262 4580 auctoritas,
287 4528 356 4568 cum
381 4519 482 4571 tamen
507 4508 569 4569 dno
594 4505 711 4568 tribuni
737 4504 783 4587 pl.
808 4505 1070 4570 intercessissent.
1094 4510 1132 4570 ad
1148 4509 1239 4575 Fam.
1255 4510 1286 4585 1,
1306 4507 1338 4584 3,
1359 4509 1390 4571 1.

155 4599 431 4682 Perscriptio.
466 4602 556 4665 llaec
570 4598 679 4681 pactio
696 4620 760 4664 nou
776 4598 900 4671 verbis,
924 4603 980 4663 sed
996 4601 1224 4665 nominibus
1246 4612 1285 4663 et
1303 4622 1392 4684 per·

66 4691 371 4775 scriptionibus
395 4695 566 4759 multorum
589 4694 704 4759 tabulis
731 4715 800 4756 cnm
824 4714 893 4757 esse
914 4693 998 4757 sacta
1025 4695 1203 4774 diceretur,
1227 4696 1352 4780 prolata
1374 4718 1391 4758 a

67 4784 227 4855 Memmio
249 4798 313 4865 eat,
338 4788 571 4856 nominibus
591 4786 785 4855 inductis.
809 4789 850 4851 ad
871 4790 942 4853 An.
965 4789 1005 4867 1,
1031 4790 1087 4867 18,
1113 4790 1145 4854 3.
