<?xml version="1.0" encoding="UTF-8"?>
<!DOCTYPE html PUBLIC "-//W3C//DTD XHTML 1.0 Transitional//EN"
    "http://www.w3.org/TR/xhtml1/DTD/xhtml1-transitional.dtd">
<html xmlns="http://www.w3.org/1999/xhtml" xml:lang="en" lang="en">
 <head>
  <title>
</title>
<meta http-equiv="Content-Type" content="text/html;charset=utf-8" />
  <meta name='ocr-system' content='tesseract 3.04.00' />
  <meta name='ocr-capabilities' content='ocr_page ocr_carea ocr_par ocr_line ocrx_word'/>
</head>
<body>
  <div class='ocr_page' id='page_1' title='image "./operaquaesupers05halmgoog/operaquaesupers05halmgoog_0265.png"; bbox 0 0 3202 5318; ppageno 0'>
   <div class='ocr_carea' id='block_1_1' title="bbox 221 268 1060 381">
    <p class='ocr_par' dir='ltr' id='par_1_1' title="bbox 221 268 1060 381">
     <span class='ocr_line' id='line_1_1' title="bbox 221 268 1060 381; baseline -0.004 -1"><span class='ocrx_word' id='word_1_1' title='bbox 221 268 285 381; x_wconf 78' lang='lat' dir='ltr'><strong>ut</strong></span> <span class='ocrx_word' id='word_1_2' title='bbox 705 312 1060 379; x_wconf 76' lang='lat' dir='ltr'><strong>mnnxnecntu.</strong></span> 
     </span>
    </p>
   </div>
   <div class='ocr_carea' id='block_1_2' title="bbox 204 451 1551 1945">
    <p class='ocr_par' dir='ltr' id='par_1_2' title="bbox 204 451 1551 1945">
     <span class='ocr_line' id='line_1_2' title="bbox 222 451 1548 541; baseline 0.002 -19"><span class='ocrx_word' id='word_1_3' title='bbox 222 455 413 522; x_wconf 83' lang='lat' dir='ltr'><strong>feneratoris</strong></span> <span class='ocrx_word' id='word_1_4' title='bbox 442 452 535 518; x_wconf 89' lang='lat' dir='ltr'><strong>simul</strong></span> <span class='ocrx_word' id='word_1_5' title='bbox 560 451 719 517; x_wconf 77' lang='lat' dir='ltr'><strong>libidinem</strong></span> <span class='ocrx_word' id='word_1_6' title='bbox 748 453 839 517; x_wconf 92' lang='lat' dir='ltr'><strong>simul</strong></span> <span class='ocrx_word' id='word_1_7' title='bbox 868 453 1083 541; x_wconf 79' lang='lat' dir='ltr'><strong>crudelitatem</strong></span> <span class='ocrx_word' id='word_1_8' title='bbox 1112 451 1278 539; x_wconf 76' lang='lat' dir='ltr'><strong>insignem.</strong></span> <span class='ocrx_word' id='word_1_9' title='bbox 1320 455 1365 518; x_wconf 82' lang='lat' dir='ltr'><strong>L.</strong></span> <span class='ocrx_word' id='word_1_10' title='bbox 1396 452 1548 541; x_wconf 79' lang='lat' dir='ltr'><strong>Papiritt&#39;s</strong></span> 
     </span>
     <span class='ocr_line' id='line_1_3' title="bbox 222 545 1551 629; baseline -0.002 -15"><span class='ocrx_word' id='word_1_11' title='bbox 222 550 349 626; x_wconf 82' lang='lat' dir='ltr'><strong>isfuit,</strong></span> <span class='ocrx_word' id='word_1_12' title='bbox 383 547 433 611; x_wconf 92' lang='lat' dir='ltr'><strong>cui</strong></span> <span class='ocrx_word' id='word_1_13' title='bbox 457 570 527 610; x_wconf 92' lang='lat' dir='ltr'><strong>cutn</strong></span> <span class='ocrx_word' id='word_1_14' title='bbox 553 568 587 610; x_wconf 89' lang='lat' dir='ltr'><strong>se</strong></span> <span class='ocrx_word' id='word_1_15' title='bbox 614 545 654 612; x_wconf 86' lang='lat' dir='ltr'><strong>C.</strong></span> <span class='ocrx_word' id='word_1_16' title='bbox 680 546 836 613; x_wconf 83' lang='lat' dir='ltr'><strong>Publilius</strong></span> <span class='ocrx_word' id='word_1_17' title='bbox 860 550 903 612; x_wconf 94' lang='lat' dir='ltr'><strong>ob</strong></span> <span class='ocrx_word' id='word_1_18' title='bbox 925 569 978 611; x_wconf 89' lang='lat' dir='ltr'><strong>aes</strong></span> <span class='ocrx_word' id='word_1_19' title='bbox 1000 547 1135 610; x_wconf 88' lang='lat' dir='ltr'><strong>alienum</strong></span> <span class='ocrx_word' id='word_1_20' title='bbox 1161 560 1327 629; x_wconf 86' lang='lat' dir='ltr'><strong>paternum</strong></span> <span class='ocrx_word' id='word_1_21' title='bbox 1349 570 1465 619; x_wconf 79' lang='lat' dir='ltr'><strong>nexum</strong></span> <span class='ocrx_word' id='word_1_22' title='bbox 1492 552 1551 617; x_wconf 71' lang='lat' dir='ltr'><strong>er-</strong></span> 
     </span>
     <span class='ocr_line' id='line_1_4' title="bbox 225 641 1551 727; baseline 0.002 -21"><span class='ocrx_word' id='word_1_23' title='bbox 225 644 340 719; x_wconf 86' lang='lat' dir='ltr'><strong>disset,</strong></span> <span class='ocrx_word' id='word_1_24' title='bbox 365 663 446 727; x_wconf 88' lang='lat' dir='ltr'><strong>quae</strong></span> <span class='ocrx_word' id='word_1_25' title='bbox 465 654 550 705; x_wconf 86' lang='lat' dir='ltr'><strong>aetas</strong></span> <span class='ocrx_word' id='word_1_26' title='bbox 570 641 740 726; x_wconf 83' lang='lat' dir='ltr'><strong>formaque</strong></span> <span class='ocrx_word' id='word_1_27' title='bbox 763 641 1012 706; x_wconf 87' lang='lat' dir='ltr'><strong>misericordiam</strong></span> <span class='ocrx_word' id='word_1_28' title='bbox 1034 643 1149 709; x_wconf 78' lang='lat' dir='ltr'><strong>elicere</strong></span> <span class='ocrx_word' id='word_1_29' title='bbox 1164 653 1308 724; x_wconf 84' lang='lat' dir='ltr'><strong>poterat,</strong></span> <span class='ocrx_word' id='word_1_30' title='bbox 1333 644 1372 705; x_wconf 83' lang='lat' dir='ltr'><strong>ad</strong></span> <span class='ocrx_word' id='word_1_31' title='bbox 1388 643 1551 717; x_wconf 71' lang='lat' dir='ltr'><strong>tibicine·</strong></span> 
     </span>
     <span class='ocr_line' id='line_1_5' title="bbox 225 734 1551 823; baseline 0 -22"><span class='ocrx_word' id='word_1_32' title='bbox 225 749 258 801; x_wconf 92' lang='lat' dir='ltr'><strong>et</strong></span> <span class='ocrx_word' id='word_1_33' title='bbox 288 735 508 799; x_wconf 85' lang='lat' dir='ltr'><strong>contumeliam</strong></span> <span class='ocrx_word' id='word_1_34' title='bbox 543 735 677 798; x_wconf 89' lang='lat' dir='ltr'><strong>animum</strong></span> <span class='ocrx_word' id='word_1_35' title='bbox 707 736 934 809; x_wconf 87' lang='lat' dir='ltr'><strong>accenderuot;</strong></span> <span class='ocrx_word' id='word_1_36' title='bbox 970 745 1002 796; x_wconf 92' lang='lat' dir='ltr'><strong>et</strong></span> <span class='ocrx_word' id='word_1_37' title='bbox 1029 734 1142 798; x_wconf 91' lang='lat' dir='ltr'><strong>florem</strong></span> <span class='ocrx_word' id='word_1_38' title='bbox 1174 735 1284 799; x_wconf 87' lang='lat' dir='ltr'><strong>aetatis</strong></span> <span class='ocrx_word' id='word_1_39' title='bbox 1311 734 1379 801; x_wconf 88' lang='lat' dir='ltr'><strong>eins</strong></span> <span class='ocrx_word' id='word_1_40' title='bbox 1407 736 1551 823; x_wconf 67' lang='lat' dir='ltr'><strong>lrttctttn</strong></span> 
     </span>
     <span class='ocr_line' id='line_1_6' title="bbox 227 826 1550 910; baseline 0.002 -18"><span class='ocrx_word' id='word_1_41' title='bbox 227 828 437 893; x_wconf 76' lang='lat' dir='ltr'><strong>adventicium</strong></span> <span class='ocrx_word' id='word_1_42' title='bbox 463 829 574 892; x_wconf 88' lang='lat' dir='ltr'><strong>crediti</strong></span> <span class='ocrx_word' id='word_1_43' title='bbox 600 841 704 904; x_wconf 87' lang='lat' dir='ltr'><strong>ratus,</strong></span> <span class='ocrx_word' id='word_1_44' title='bbox 738 827 845 910; x_wconf 88' lang='lat' dir='ltr'><strong>primo</strong></span> <span class='ocrx_word' id='word_1_45' title='bbox 876 826 1032 910; x_wconf 89' lang='lat' dir='ltr'><strong>perlicere</strong></span> <span class='ocrx_word' id='word_1_46' title='bbox 1059 827 1290 892; x_wconf 74' lang='lat' dir='ltr'><strong>adolescentem</strong></span> <span class='ocrx_word' id='word_1_47' title='bbox 1321 851 1470 896; x_wconf 87' lang='lat' dir='ltr'><strong>sermone</strong></span> <span class='ocrx_word' id='word_1_48' title='bbox 1500 830 1550 895; x_wconf 91' lang='lat' dir='ltr'><strong>itt·</strong></span> 
     </span>
     <span class='ocr_line' id='line_1_7' title="bbox 226 920 1551 1006; baseline 0.002 -21"><span class='ocrx_word' id='word_1_49' title='bbox 226 937 315 988; x_wconf 89' lang='lat' dir='ltr'><strong>cesto</strong></span> <span class='ocrx_word' id='word_1_50' title='bbox 338 936 386 986; x_wconf 87' lang='lat' dir='ltr'><strong>est</strong></span> <span class='ocrx_word' id='word_1_51' title='bbox 413 935 568 1000; x_wconf 90' lang='lat' dir='ltr'><strong>conatus,</strong></span> <span class='ocrx_word' id='word_1_52' title='bbox 592 923 661 985; x_wconf 90' lang='lat' dir='ltr'><strong>dein</strong></span> <span class='ocrx_word' id='word_1_53' title='bbox 684 932 853 1005; x_wconf 90' lang='lat' dir='ltr'><strong>postquam</strong></span> <span class='ocrx_word' id='word_1_54' title='bbox 875 923 1128 1005; x_wconf 75' lang='lat' dir='ltr'><strong>aspernabantur</strong></span> <span class='ocrx_word' id='word_1_55' title='bbox 1148 920 1301 1006; x_wconf 82' lang='lat' dir='ltr'><strong>flagitium</strong></span> <span class='ocrx_word' id='word_1_56' title='bbox 1325 945 1435 1000; x_wconf 87' lang='lat' dir='ltr'><strong>aures,</strong></span> <span class='ocrx_word' id='word_1_57' title='bbox 1461 921 1551 987; x_wconf 83' lang='lat' dir='ltr'><strong>mittis</strong></span> 
     </span>
     <span class='ocr_line' id='line_1_8' title="bbox 225 1015 1551 1102; baseline 0.002 -24"><span class='ocrx_word' id='word_1_58' title='bbox 225 1015 375 1082; x_wconf 87' lang='lat' dir='ltr'><strong>territare</strong></span> <span class='ocrx_word' id='word_1_59' title='bbox 394 1032 488 1102; x_wconf 90' lang='lat' dir='ltr'><strong>atque</strong></span> <span class='ocrx_word' id='word_1_60' title='bbox 511 1017 677 1079; x_wconf 81' lang='lat' dir='ltr'><strong>identidem</strong></span> <span class='ocrx_word' id='word_1_61' title='bbox 699 1016 868 1079; x_wconf 86' lang='lat' dir='ltr'><strong>admonere</strong></span> <span class='ocrx_word' id='word_1_62' title='bbox 889 1016 1057 1091; x_wconf 79' lang='lat' dir='ltr'><strong>lortttnae3</strong></span> <span class='ocrx_word' id='word_1_63' title='bbox 1080 1028 1245 1098; x_wconf 89' lang='lat' dir='ltr'><strong>postremo</strong></span> <span class='ocrx_word' id='word_1_64' title='bbox 1259 1040 1329 1080; x_wconf 89' lang='lat' dir='ltr'><strong>cum</strong></span> <span class='ocrx_word' id='word_1_65' title='bbox 1345 1016 1551 1102; x_wconf 75' lang='lat' dir='ltr'><strong>ingenuitatis</strong></span> 
     </span>
     <span class='ocr_line' id='line_1_9' title="bbox 229 1108 1551 1195; baseline 0.001 -22"><span class='ocrx_word' id='word_1_66' title='bbox 229 1111 329 1195; x_wconf 81' lang='lat' dir='ltr'><strong>magis</strong></span> <span class='ocrx_word' id='word_1_67' title='bbox 354 1132 461 1194; x_wconf 91' lang='lat' dir='ltr'><strong>quam·</strong></span> <span class='ocrx_word' id='word_1_68' title='bbox 474 1108 651 1192; x_wconf 86' lang='lat' dir='ltr'><strong>praesentis</strong></span> <span class='ocrx_word' id='word_1_69' title='bbox 673 1109 870 1173; x_wconf 90' lang='lat' dir='ltr'><strong>condicionis</strong></span> <span class='ocrx_word' id='word_1_70' title='bbox 886 1130 1056 1172; x_wconf 84' lang='lat' dir='ltr'><strong>memorem</strong></span> <span class='ocrx_word' id='word_1_71' title='bbox 1073 1109 1218 1183; x_wconf 83' lang='lat' dir='ltr'><strong>videret,</strong></span> <span class='ocrx_word' id='word_1_72' title='bbox 1243 1110 1352 1173; x_wconf 83' lang='lat' dir='ltr'><strong>nudari</strong></span> <span class='ocrx_word' id='word_1_73' title='bbox 1374 1111 1464 1175; x_wconf 86' lang='lat' dir='ltr'><strong>iubet</strong></span> <span class='ocrx_word' id='word_1_74' title='bbox 1478 1132 1551 1174; x_wconf 83' lang='lat' dir='ltr'><strong>rer·</strong></span> 
     </span>
     <span class='ocr_line' id='line_1_10' title="bbox 225 1202 1551 1288; baseline 0.002 -23"><span class='ocrx_word' id='word_1_75' title='bbox 225 1205 368 1288; x_wconf 90' lang='lat' dir='ltr'><strong>beraqtte</strong></span> <span class='ocrx_word' id='word_1_76' title='bbox 399 1205 523 1269; x_wconf 80' lang='lat' dir='ltr'><strong>afferri.</strong></span> <span class='ocrx_word' id='word_1_77' title='bbox 557 1205 670 1286; x_wconf 88' lang='lat' dir='ltr'><strong>quibus</strong></span> <span class='ocrx_word' id='word_1_78' title='bbox 700 1204 854 1265; x_wconf 88' lang='lat' dir='ltr'><strong>laceratus</strong></span> <span class='ocrx_word' id='word_1_79' title='bbox 885 1202 1010 1266; x_wconf 87' lang='lat' dir='ltr'><strong>iuvenis</strong></span> <span class='ocrx_word' id='word_1_80' title='bbox 1038 1225 1108 1267; x_wconf 91' lang='lat' dir='ltr'><strong>cutu</strong></span> <span class='ocrx_word' id='word_1_81' title='bbox 1135 1224 1169 1266; x_wconf 86' lang='lat' dir='ltr'><strong>se</strong></span> <span class='ocrx_word' id='word_1_82' title='bbox 1195 1203 1225 1265; x_wconf 92' lang='lat' dir='ltr'><strong>in</strong></span> <span class='ocrx_word' id='word_1_83' title='bbox 1251 1204 1414 1285; x_wconf 90' lang='lat' dir='ltr'><strong>publicum</strong></span> <span class='ocrx_word' id='word_1_84' title='bbox 1446 1204 1551 1287; x_wconf 88' lang='lat' dir='ltr'><strong>prori-</strong></span> 
     </span>
     <span class='ocr_line' id='line_1_11' title="bbox 227 1297 1549 1384; baseline 0.002 -25"><span class='ocrx_word' id='word_1_85' title='bbox 227 1299 366 1379; x_wconf 79' lang='lat' dir='ltr'><strong>puisset,</strong></span> <span class='ocrx_word' id='word_1_86' title='bbox 401 1300 560 1362; x_wconf 89' lang='lat' dir='ltr'><strong>libidinem</strong></span> <span class='ocrx_word' id='word_1_87' title='bbox 589 1298 871 1380; x_wconf 83' lang='lat' dir='ltr'><strong>crudelitatemque</strong></span> <span class='ocrx_word' id='word_1_88' title='bbox 895 1318 1093 1379; x_wconf 91' lang='lat' dir='ltr'><strong>conquerens</strong></span> <span class='ocrx_word' id='word_1_89' title='bbox 1118 1297 1326 1374; x_wconf 79' lang='lat' dir='ltr'><strong>feneratoris,</strong></span> <span class='ocrx_word' id='word_1_90' title='bbox 1355 1298 1474 1384; x_wconf 84' lang='lat' dir='ltr'><strong>ingens</strong></span> <span class='ocrx_word' id='word_1_91' title='bbox 1505 1297 1549 1362; x_wconf 85' lang='lat' dir='ltr'><strong>ris</strong></span> 
     </span>
     <span class='ocr_line' id='line_1_12' title="bbox 227 1385 1548 1476; baseline 0.002 -23"><span class='ocrx_word' id='word_1_92' title='bbox 227 1393 388 1467; x_wconf 87' lang='lat' dir='ltr'><strong>bominum</strong></span> <span class='ocrx_word' id='word_1_93' title='bbox 423 1415 492 1455; x_wconf 90' lang='lat' dir='ltr'><strong>cum</strong></span> <span class='ocrx_word' id='word_1_94' title='bbox 520 1393 631 1455; x_wconf 85' lang='lat' dir='ltr'><strong>aetatis</strong></span> <span class='ocrx_word' id='word_1_95' title='bbox 665 1390 868 1454; x_wconf 89' lang='lat' dir='ltr'><strong>miseratione</strong></span> <span class='ocrx_word' id='word_1_96' title='bbox 894 1403 987 1474; x_wconf 89' lang='lat' dir='ltr'><strong>atque</strong></span> <span class='ocrx_word' id='word_1_97' title='bbox 1018 1385 1203 1476; x_wconf 86' lang='lat' dir='ltr'><strong>indignitate</strong></span> <span class='ocrx_word' id='word_1_98' title='bbox 1235 1390 1368 1455; x_wconf 79' lang='lat' dir='ltr'><strong>iniuriae</strong></span> <span class='ocrx_word' id='word_1_99' title='bbox 1400 1414 1548 1468; x_wconf 85' lang='lat' dir='ltr'><strong>accensa,</strong></span> 
     </span>
     <span class='ocr_line' id='line_1_13' title="bbox 227 1484 1550 1572; baseline 0.003 -25"><span class='ocrx_word' id='word_1_100' title='bbox 227 1496 292 1548; x_wconf 89' lang='lat' dir='ltr'><strong>tum</strong></span> <span class='ocrx_word' id='word_1_101' title='bbox 313 1508 389 1549; x_wconf 87' lang='lat' dir='ltr'><strong>suae</strong></span> <span class='ocrx_word' id='word_1_102' title='bbox 412 1486 609 1551; x_wconf 85' lang='lat' dir='ltr'><strong>condicionis</strong></span> <span class='ocrx_word' id='word_1_103' title='bbox 631 1485 830 1567; x_wconf 86' lang='lat' dir='ltr'><strong>liberumque</strong></span> <span class='ocrx_word' id='word_1_104' title='bbox 851 1506 980 1550; x_wconf 89' lang='lat' dir='ltr'><strong>snoruut</strong></span> <span class='ocrx_word' id='word_1_105' title='bbox 1005 1498 1170 1568; x_wconf 89' lang='lat' dir='ltr'><strong>respectu,</strong></span> <span class='ocrx_word' id='word_1_106' title='bbox 1195 1485 1225 1548; x_wconf 91' lang='lat' dir='ltr'><strong>in</strong></span> <span class='ocrx_word' id='word_1_107' title='bbox 1246 1484 1352 1549; x_wconf 86' lang='lat' dir='ltr'><strong>lorum</strong></span> <span class='ocrx_word' id='word_1_108' title='bbox 1370 1498 1468 1572; x_wconf 87' lang='lat' dir='ltr'><strong>atque</strong></span> <span class='ocrx_word' id='word_1_109' title='bbox 1482 1487 1550 1551; x_wconf 82' lang='lat' dir='ltr'><strong>inte</strong></span> 
     </span>
     <span class='ocr_line' id='line_1_14' title="bbox 204 1579 1549 1664; baseline 0.004 -24"><span class='ocrx_word' id='word_1_110' title='bbox 204 1604 207 1609; x_wconf 50' lang='lat'>&gt;</span> <span class='ocrx_word' id='word_1_111' title='bbox 228 1581 353 1664; x_wconf 85' lang='lat' dir='ltr'><strong>agmine</strong></span> <span class='ocrx_word' id='word_1_112' title='bbox 379 1579 466 1643; x_wconf 88' lang='lat' dir='ltr'><strong>lacto</strong></span> <span class='ocrx_word' id='word_1_113' title='bbox 488 1582 527 1642; x_wconf 88' lang='lat' dir='ltr'><strong>ad</strong></span> <span class='ocrx_word' id='word_1_114' title='bbox 548 1579 668 1642; x_wconf 87' lang='lat' dir='ltr'><strong>curiam</strong></span> <span class='ocrx_word' id='word_1_115' title='bbox 693 1582 873 1655; x_wconf 88' lang='lat' dir='ltr'><strong>eoucttrrit;</strong></span> <span class='ocrx_word' id='word_1_116' title='bbox 908 1592 1031 1643; x_wconf 90' lang='lat' dir='ltr'><strong>etcum</strong></span> <span class='ocrx_word' id='word_1_117' title='bbox 1059 1579 1206 1642; x_wconf 88' lang='lat' dir='ltr'><strong>consules</strong></span> <span class='ocrx_word' id='word_1_118' title='bbox 1230 1580 1364 1642; x_wconf 87' lang='lat' dir='ltr'><strong>tumultu</strong></span> <span class='ocrx_word' id='word_1_119' title='bbox 1384 1583 1549 1663; x_wconf 81' lang='lat' dir='ltr'><strong>repentino</strong></span> 
     </span>
     <span class='ocr_line' id='line_1_15' title="bbox 227 1672 1550 1756; baseline 0.002 -22"><span class='ocrx_word' id='word_1_120' title='bbox 227 1673 331 1736; x_wconf 86' lang='lat' dir='ltr'><strong>coacti</strong></span> <span class='ocrx_word' id='word_1_121' title='bbox 359 1686 500 1736; x_wconf 88' lang='lat' dir='ltr'><strong>senatum</strong></span> <span class='ocrx_word' id='word_1_122' title='bbox 530 1685 699 1748; x_wconf 86' lang='lat' dir='ltr'><strong>vocarent,</strong></span> <span class='ocrx_word' id='word_1_123' title='bbox 734 1672 967 1737; x_wconf 87' lang='lat' dir='ltr'><strong>introeuntibus</strong></span> <span class='ocrx_word' id='word_1_124' title='bbox 1001 1675 1030 1736; x_wconf 92' lang='lat' dir='ltr'><strong>iu</strong></span> <span class='ocrx_word' id='word_1_125' title='bbox 1057 1675 1175 1736; x_wconf 82' lang='lat' dir='ltr'><strong>citriam</strong></span> <span class='ocrx_word' id='word_1_126' title='bbox 1205 1673 1349 1756; x_wconf 86' lang='lat' dir='ltr'><strong>patribus</strong></span> <span class='ocrx_word' id='word_1_127' title='bbox 1380 1673 1550 1738; x_wconf 84' lang='lat' dir='ltr'><strong>laceratum</strong></span> 
     </span>
     <span class='ocr_line' id='line_1_16' title="bbox 225 1764 1550 1851; baseline 0.002 -24"><span class='ocrx_word' id='word_1_128' title='bbox 225 1764 348 1829; x_wconf 84' lang='lat' dir='ltr'><strong>iuvenis</strong></span> <span class='ocrx_word' id='word_1_129' title='bbox 372 1778 516 1851; x_wconf 86' lang='lat' dir='ltr'><strong>tergum,</strong></span> <span class='ocrx_word' id='word_1_130' title='bbox 539 1770 788 1850; x_wconf 86' lang='lat' dir='ltr'><strong>procumbentes</strong></span> <span class='ocrx_word' id='word_1_131' title='bbox 816 1770 853 1829; x_wconf 90' lang='lat' dir='ltr'><strong>ad</strong></span> <span class='ocrx_word' id='word_1_132' title='bbox 881 1766 1081 1850; x_wconf 84' lang='lat' dir='ltr'><strong>singulorum</strong></span> <span class='ocrx_word' id='word_1_133' title='bbox 1109 1771 1223 1848; x_wconf 84' lang='lat' dir='ltr'><strong>pedes,</strong></span> <span class='ocrx_word' id='word_1_134' title='bbox 1247 1769 1471 1832; x_wconf 83' lang='lat' dir='ltr'><strong>ostentabant:</strong></span> <span class='ocrx_word' id='word_1_135' title='bbox 1505 1766 1550 1830; x_wconf 79' lang='lat' dir='ltr'><strong>ri·</strong></span> 
     </span>
     <span class='ocr_line' id='line_1_17' title="bbox 226 1859 1550 1945; baseline 0.004 -24"><span class='ocrx_word' id='word_1_136' title='bbox 226 1868 310 1921; x_wconf 93' lang='lat' dir='ltr'><strong>cttttn</strong></span> <span class='ocrx_word' id='word_1_137' title='bbox 334 1881 373 1924; x_wconf 94' lang='lat' dir='ltr'><strong>eo</strong></span> <span class='ocrx_word' id='word_1_138' title='bbox 397 1862 446 1922; x_wconf 88' lang='lat' dir='ltr'><strong>die</strong></span> <span class='ocrx_word' id='word_1_139' title='bbox 470 1863 512 1925; x_wconf 93' lang='lat' dir='ltr'><strong>ob</strong></span> <span class='ocrx_word' id='word_1_140' title='bbox 541 1861 744 1942; x_wconf 86' lang='lat' dir='ltr'><strong>impotentem</strong></span> <span class='ocrx_word' id='word_1_141' title='bbox 769 1859 911 1922; x_wconf 89' lang='lat' dir='ltr'><strong>iniuriam</strong></span> <span class='ocrx_word' id='word_1_142' title='bbox 936 1862 1025 1927; x_wconf 90' lang='lat' dir='ltr'><strong>ttuitts</strong></span> <span class='ocrx_word' id='word_1_143' title='bbox 1051 1860 1162 1945; x_wconf 83' lang='lat' dir='ltr'><strong>ingens</strong></span> <span class='ocrx_word' id='word_1_144' title='bbox 1189 1862 1347 1926; x_wconf 85' lang='lat' dir='ltr'><strong>vinculum</strong></span> <span class='ocrx_word' id='word_1_145' title='bbox 1371 1862 1464 1937; x_wconf 87' lang='lat' dir='ltr'><strong>lidei;</strong></span> <span class='ocrx_word' id='word_1_146' title='bbox 1488 1861 1550 1925; x_wconf 81' lang='lat' dir='ltr'><strong>itta·</strong></span> 
     </span>
    </p>
   </div>
   <div class='ocr_carea' id='block_1_3' title="bbox 111 1953 1548 2040">
    <p class='ocr_par' dir='ltr' id='par_1_3' title="bbox 111 1953 1548 2040">
     <span class='ocr_line' id='line_1_18' title="bbox 111 1953 1548 2040; baseline 0 -21"><span class='ocrx_word' id='word_1_147' title='bbox 111 2012 116 2019; x_wconf 76' lang='grc'>,</span> <span class='ocrx_word' id='word_1_148' title='bbox 226 1954 316 2037; x_wconf 86' lang='lat' dir='ltr'><strong>sique</strong></span> <span class='ocrx_word' id='word_1_149' title='bbox 340 1955 486 2018; x_wconf 87' lang='lat' dir='ltr'><strong>consules</strong></span> <span class='ocrx_word' id='word_1_150' title='bbox 510 1959 561 2035; x_wconf 78' lang='lat' dir='ltr'><strong>(C.</strong></span> <span class='ocrx_word' id='word_1_151' title='bbox 578 1954 766 2028; x_wconf 84' lang='lat' dir='ltr'><strong>Poetelius,</strong></span> <span class='ocrx_word' id='word_1_152' title='bbox 791 1956 833 2016; x_wconf 86' lang='lat' dir='ltr'><strong>L.</strong></span> <span class='ocrx_word' id='word_1_153' title='bbox 850 1953 1025 2035; x_wconf 84' lang='lat' dir='ltr'><strong>Papirius)</strong></span> <span class='ocrx_word' id='word_1_154' title='bbox 1047 1954 1136 2018; x_wconf 86' lang='lat' dir='ltr'><strong>serre</strong></span> <span class='ocrx_word' id='word_1_155' title='bbox 1152 1956 1191 2016; x_wconf 90' lang='lat' dir='ltr'><strong>ad</strong></span> <span class='ocrx_word' id='word_1_156' title='bbox 1213 1956 1385 2038; x_wconf 89' lang='lat' dir='ltr'><strong>populum,</strong></span> <span class='ocrx_word' id='word_1_157' title='bbox 1412 1955 1548 2040; x_wconf 85' lang='lat' dir='ltr'><strong>nequis,</strong></span> 
     </span>
    </p>
   </div>
   <div class='ocr_carea' id='block_1_4' title="bbox 226 2048 1550 2329">
    <p class='ocr_par' dir='ltr' id='par_1_4' title="bbox 226 2048 1550 2329">
     <span class='ocr_line' id='line_1_19' title="bbox 226 2048 1550 2133; baseline 0.002 -23"><span class='ocrx_word' id='word_1_158' title='bbox 226 2048 286 2110; x_wconf 91' lang='lat' dir='ltr'><strong>uisi</strong></span> <span class='ocrx_word' id='word_1_159' title='bbox 309 2049 364 2133; x_wconf 88' lang='lat' dir='ltr'><strong>qui</strong></span> <span class='ocrx_word' id='word_1_160' title='bbox 387 2071 502 2114; x_wconf 79' lang='lat' dir='ltr'><strong>norant</strong></span> <span class='ocrx_word' id='word_1_161' title='bbox 531 2050 696 2112; x_wconf 89' lang='lat' dir='ltr'><strong>meruisset</strong></span> <span class='ocrx_word' id='word_1_162' title='bbox 722 2050 824 2111; x_wconf 92' lang='lat' dir='ltr'><strong>donec</strong></span> <span class='ocrx_word' id='word_1_163' title='bbox 847 2068 981 2128; x_wconf 89' lang='lat' dir='ltr'><strong>poenam</strong></span> <span class='ocrx_word' id='word_1_164' title='bbox 1008 2049 1124 2123; x_wconf 84' lang='lat' dir='ltr'><strong>lueret,</strong></span> <span class='ocrx_word' id='word_1_165' title='bbox 1156 2049 1187 2111; x_wconf 94' lang='lat' dir='ltr'><strong>in</strong></span> <span class='ocrx_word' id='word_1_166' title='bbox 1209 2052 1416 2132; x_wconf 85' lang='lat' dir='ltr'><strong>compedibus</strong></span> <span class='ocrx_word' id='word_1_167' title='bbox 1440 2062 1494 2113; x_wconf 85' lang='lat' dir='ltr'><strong>aut</strong></span> <span class='ocrx_word' id='word_1_168' title='bbox 1519 2049 1550 2113; x_wconf 91' lang='lat' dir='ltr'><strong>itt</strong></span> 
     </span>
     <span class='ocr_line' id='line_1_20' title="bbox 226 2140 1549 2227; baseline 0.002 -22"><span class='ocrx_word' id='word_1_169' title='bbox 226 2163 327 2206; x_wconf 86' lang='lat' dir='ltr'><strong>nervo</strong></span> <span class='ocrx_word' id='word_1_170' title='bbox 353 2154 531 2218; x_wconf 80' lang='lat' dir='ltr'><strong>teneretur3</strong></span> <span class='ocrx_word' id='word_1_171' title='bbox 563 2144 713 2225; x_wconf 88' lang='lat' dir='ltr'><strong>pecuniae</strong></span> <span class='ocrx_word' id='word_1_172' title='bbox 738 2140 876 2204; x_wconf 85' lang='lat' dir='ltr'><strong>creditae</strong></span> <span class='ocrx_word' id='word_1_173' title='bbox 906 2144 988 2205; x_wconf 90' lang='lat' dir='ltr'><strong>botta</strong></span> <span class='ocrx_word' id='word_1_174' title='bbox 1014 2142 1184 2216; x_wconf 84' lang='lat' dir='ltr'><strong>debitoris,</strong></span> <span class='ocrx_word' id='word_1_175' title='bbox 1210 2165 1273 2208; x_wconf 91' lang='lat' dir='ltr'><strong>non</strong></span> <span class='ocrx_word' id='word_1_176' title='bbox 1299 2165 1420 2227; x_wconf 89' lang='lat' dir='ltr'><strong>corpus</strong></span> <span class='ocrx_word' id='word_1_177' title='bbox 1447 2146 1549 2209; x_wconf 89' lang='lat' dir='ltr'><strong>obno-</strong></span> 
     </span>
     <span class='ocr_line' id='line_1_21' title="bbox 226 2236 1549 2329; baseline 0.002 -31"><span class='ocrx_word' id='word_1_178' title='bbox 226 2236 311 2298; x_wconf 78' lang='lat' dir='ltr'><strong>xium</strong></span> <span class='ocrx_word' id='word_1_179' title='bbox 340 2249 442 2300; x_wconf 87' lang='lat' dir='ltr'><strong>essct.</strong></span> <span class='ocrx_word' id='word_1_180' title='bbox 471 2237 513 2300; x_wconf 90' lang='lat' dir='ltr'><strong>ita</strong></span> <span class='ocrx_word' id='word_1_181' title='bbox 535 2238 609 2300; x_wconf 78' lang='lat' dir='ltr'><strong>neti</strong></span> <span class='ocrx_word' id='word_1_182' title='bbox 638 2236 752 2311; x_wconf 88' lang='lat' dir='ltr'><strong>soluti,</strong></span> <span class='ocrx_word' id='word_1_183' title='bbox 787 2247 975 2319; x_wconf 88' lang='lat' dir='ltr'><strong>cautumque</strong></span> <span class='ocrx_word' id='word_1_184' title='bbox 999 2236 1029 2297; x_wconf 93' lang='lat' dir='ltr'><strong>in</strong></span> <span class='ocrx_word' id='word_1_185' title='bbox 1056 2249 1219 2318; x_wconf 88' lang='lat' dir='ltr'><strong>posterum</strong></span> <span class='ocrx_word' id='word_1_186' title='bbox 1246 2260 1284 2329; x_wconf 80' lang='lat' dir='ltr'><strong>qe</strong></span> <span class='ocrx_word' id='word_1_187' title='bbox 1310 2236 1549 2329; x_wconf 77' lang='lat' dir='ltr'><strong>necterentur.&#39;&#39;</strong></span> 
     </span>
    </p>
   </div>
   <div class='ocr_carea' id='block_1_5' title="bbox 226 2330 1550 2415">
    <p class='ocr_par' dir='ltr' id='par_1_5' title="bbox 226 2330 1550 2415">
     <span class='ocr_line' id='line_1_22' title="bbox 226 2330 1550 2415; baseline 0.002 -23"><span class='ocrx_word' id='word_1_188' title='bbox 226 2331 303 2393; x_wconf 83' lang='lat' dir='ltr'><strong>Lir.</strong></span> <span class='ocrx_word' id='word_1_189' title='bbox 334 2332 435 2396; x_wconf 90' lang='lat' dir='ltr'><strong>Vlll.</strong></span> <span class='ocrx_word' id='word_1_190' title='bbox 466 2333 518 2394; x_wconf 78' lang='lat'><strong>28.</strong></span> <span class='ocrx_word' id='word_1_191' title='bbox 565 2331 663 2415; x_wconf 75' lang='lat' dir='ltr'><strong>Conl.</strong></span> <span class='ocrx_word' id='word_1_192' title='bbox 693 2330 803 2394; x_wconf 88' lang='lat' dir='ltr'><strong>Varro</strong></span> <span class='ocrx_word' id='word_1_193' title='bbox 834 2331 907 2393; x_wconf 88' lang='lat' dir='ltr'><strong>LL.</strong></span> <span class='ocrx_word' id='word_1_194' title='bbox 938 2330 1000 2394; x_wconf 84' lang='lat' dir='ltr'><strong>v1.</strong></span> <span class='ocrx_word' id='word_1_195' title='bbox 1028 2353 1061 2413; x_wconf 90' lang='lat' dir='ltr'><strong>p.</strong></span> <span class='ocrx_word' id='word_1_196' title='bbox 1091 2331 1143 2394; x_wconf 81' lang='lat'><strong>82.</strong></span> <span class='ocrx_word' id='word_1_197' title='bbox 1178 2331 1290 2415; x_wconf 85' lang='lat' dir='ltr'><strong>Steph.</strong></span> <span class='ocrx_word' id='word_1_198' title='bbox 1315 2332 1428 2396; x_wconf 84' lang='lat' dir='ltr'><strong>Suidas</strong></span> <span class='ocrx_word' id='word_1_199' title='bbox 1458 2354 1487 2395; x_wconf 87' lang='lat' dir='ltr'><strong>s.</strong></span> <span class='ocrx_word' id='word_1_200' title='bbox 1519 2354 1550 2395; x_wconf 84' lang='lat' dir='ltr'><strong>v.</strong></span> 
     </span>
    </p>
   </div>
   <div class='ocr_carea' id='block_1_6' title="bbox 225 2419 549 2515">
    <p class='ocr_par' dir='ltr' id='par_1_6' title="bbox 225 2419 549 2515">
     <span class='ocr_line' id='line_1_23' title="bbox 225 2419 549 2515; baseline 0.009 -26"><span class='ocrx_word' id='word_1_201' title='bbox 225 2419 329 2502; x_wconf 79' lang='grc' dir='ltr'><strong><em>Γάϊος</em></strong></span> <span class='ocrx_word' id='word_1_202' title='bbox 349 2421 549 2515; x_wconf 80' lang='grc' dir='ltr'><em>Λαιτώριος.</em></span> 
     </span>
    </p>
   </div>
   <div class='ocr_carea' id='block_1_7' title="bbox 262 2583 1078 2648">
    <p class='ocr_par' dir='ltr' id='par_1_7' title="bbox 262 2583 1078 2648">
     <span class='ocr_line' id='line_1_24' title="bbox 262 2583 1078 2648; baseline -0.001 0"><span class='ocrx_word' id='word_1_203' title='bbox 262 2592 284 2640; x_wconf 61' lang='lat' dir='ltr'>N</span> <span class='ocrx_word' id='word_1_204' title='bbox 700 2585 860 2648; x_wconf 77' lang='lat' dir='ltr'><strong>Portenta</strong></span> <span class='ocrx_word' id='word_1_205' title='bbox 882 2583 1078 2647; x_wconf 83' lang='lat' dir='ltr'><strong>tribunicia.</strong></span> 
     </span>
    </p>
   </div>
   <div class='ocr_carea' id='block_1_8' title="bbox 124 2706 1552 4852">
    <p class='ocr_par' dir='ltr' id='par_1_8' title="bbox 224 2706 1551 3165">
     <span class='ocr_line' id='line_1_25' title="bbox 305 2706 1549 2793; baseline 0.002 -23"><span class='ocrx_word' id='word_1_206' title='bbox 305 2709 374 2788; x_wconf 78' lang='lat' dir='ltr'><strong>3,ln</strong></span> <span class='ocrx_word' id='word_1_207' title='bbox 400 2707 459 2769; x_wconf 89' lang='lat' dir='ltr'><strong>ista</strong></span> <span class='ocrx_word' id='word_1_208' title='bbox 487 2706 611 2789; x_wconf 89' lang='lat' dir='ltr'><strong>quidem</strong></span> <span class='ocrx_word' id='word_1_209' title='bbox 635 2727 672 2768; x_wconf 89' lang='lat' dir='ltr'><strong>rc</strong></span> <span class='ocrx_word' id='word_1_210' title='bbox 697 2708 901 2768; x_wconf 88' lang='lat' dir='ltr'><strong>vehementer</strong></span> <span class='ocrx_word' id='word_1_211' title='bbox 922 2707 1038 2781; x_wconf 85' lang='lat' dir='ltr'><strong>Sullam</strong></span> <span class='ocrx_word' id='word_1_212' title='bbox 1062 2707 1186 2788; x_wconf 84' lang='lat' dir='ltr'><strong>probo,</strong></span> <span class='ocrx_word' id='word_1_213' title='bbox 1212 2707 1272 2790; x_wconf 88' lang='lat' dir='ltr'><strong>qui</strong></span> <span class='ocrx_word' id='word_1_214' title='bbox 1289 2707 1422 2785; x_wconf 77' lang='lat' dir='ltr'><strong>tribunis</strong></span> <span class='ocrx_word' id='word_1_215' title='bbox 1449 2708 1549 2793; x_wconf 83' lang='lat' dir='ltr'><strong>plebis</strong></span> 
     </span>
     <span class='ocr_line' id='line_1_26' title="bbox 226 2798 1548 2886; baseline 0.002 -24"><span class='ocrx_word' id='word_1_216' title='bbox 226 2821 280 2863; x_wconf 89' lang='lat' dir='ltr'><strong>sua</strong></span> <span class='ocrx_word' id='word_1_217' title='bbox 297 2801 367 2883; x_wconf 83' lang='lat' dir='ltr'><strong>lege</strong></span> <span class='ocrx_word' id='word_1_218' title='bbox 384 2799 517 2862; x_wconf 90' lang='lat' dir='ltr'><strong>iniuriae</strong></span> <span class='ocrx_word' id='word_1_219' title='bbox 533 2798 695 2862; x_wconf 89' lang='lat' dir='ltr'><strong>lacieudae</strong></span> <span class='ocrx_word' id='word_1_220' title='bbox 712 2811 899 2880; x_wconf 89' lang='lat' dir='ltr'><strong>potestatem</strong></span> <span class='ocrx_word' id='word_1_221' title='bbox 917 2800 1086 2874; x_wconf 69' lang='lat' dir='ltr'><strong>attentarit,</strong></span> <span class='ocrx_word' id='word_1_222' title='bbox 1104 2799 1211 2862; x_wconf 86' lang='lat' dir='ltr'><strong>auxilii</strong></span> <span class='ocrx_word' id='word_1_223' title='bbox 1228 2799 1352 2864; x_wconf 81' lang='lat' dir='ltr'><strong>ferendi</strong></span> <span class='ocrx_word' id='word_1_224' title='bbox 1367 2803 1548 2886; x_wconf 88' lang='lat' dir='ltr'><strong>reliqtterit;</strong></span> 
     </span>
     <span class='ocr_line' id='line_1_27' title="bbox 225 2892 1551 2976; baseline 0.001 -18"><span class='ocrx_word' id='word_1_225' title='bbox 225 2892 480 2976; x_wconf 87' lang='lat' dir='ltr'><strong>Pompeiumque</strong></span> <span class='ocrx_word' id='word_1_226' title='bbox 504 2905 646 2954; x_wconf 86' lang='lat' dir='ltr'><strong>nostrum</strong></span> <span class='ocrx_word' id='word_1_227' title='bbox 670 2892 784 2954; x_wconf 86' lang='lat' dir='ltr'><strong>ceteris</strong></span> <span class='ocrx_word' id='word_1_228' title='bbox 806 2895 902 2955; x_wconf 93' lang='lat' dir='ltr'><strong>rebus</strong></span> <span class='ocrx_word' id='word_1_229' title='bbox 927 2895 1072 2954; x_wconf 89' lang='lat' dir='ltr'><strong>omnibus</strong></span> <span class='ocrx_word' id='word_1_230' title='bbox 1094 2915 1218 2975; x_wconf 89' lang='lat' dir='ltr'><strong>semper</strong></span> <span class='ocrx_word' id='word_1_231' title='bbox 1241 2894 1442 2976; x_wconf 84' lang='lat' dir='ltr'><strong>amplissimis</strong></span> <span class='ocrx_word' id='word_1_232' title='bbox 1468 2918 1551 2959; x_wconf 89' lang='lat' dir='ltr'><strong>sum·</strong></span> 
     </span>
     <span class='ocr_line' id='line_1_28' title="bbox 224 2982 1549 3074; baseline 0.003 -25"><span class='ocrx_word' id='word_1_233' title='bbox 224 2987 345 3070; x_wconf 90' lang='lat' dir='ltr'><strong>misque</strong></span> <span class='ocrx_word' id='word_1_234' title='bbox 369 2988 470 3050; x_wconf 80' lang='lat' dir='ltr'><strong>effero</strong></span> <span class='ocrx_word' id='word_1_235' title='bbox 494 2987 655 3060; x_wconf 80' lang='lat' dir='ltr'><strong>lattdibtta3</strong></span> <span class='ocrx_word' id='word_1_236' title='bbox 679 2989 718 3049; x_wconf 83' lang='lat' dir='ltr'><strong>tle</strong></span> <span class='ocrx_word' id='word_1_237' title='bbox 738 2984 905 3048; x_wconf 88' lang='lat' dir='ltr'><strong>tribunicia</strong></span> <span class='ocrx_word' id='word_1_238' title='bbox 932 2999 1087 3067; x_wconf 87' lang='lat' dir='ltr'><strong>potestate</strong></span> <span class='ocrx_word' id='word_1_239' title='bbox 1113 2999 1222 3051; x_wconf 88' lang='lat' dir='ltr'><strong>taceo:</strong></span> <span class='ocrx_word' id='word_1_240' title='bbox 1249 2982 1415 3052; x_wconf 57' lang='lat' dir='ltr'><strong>nec&#39;enitn</strong></span> <span class='ocrx_word' id='word_1_241' title='bbox 1439 3012 1549 3074; x_wconf 86' lang='lat' dir='ltr'><strong>repre-</strong></span> 
     </span>
     <span class='ocr_line' id='line_1_29' title="bbox 225 3080 1549 3165; baseline 0.004 -25"><span class='ocrx_word' id='word_1_242' title='bbox 225 3080 363 3141; x_wconf 88' lang='lat' dir='ltr'><strong>hendere</strong></span> <span class='ocrx_word' id='word_1_243' title='bbox 379 3080 466 3154; x_wconf 88' lang='lat' dir='ltr'><strong>libet,</strong></span> <span class='ocrx_word' id='word_1_244' title='bbox 485 3102 542 3142; x_wconf 90' lang='lat' dir='ltr'><strong>nec</strong></span> <span class='ocrx_word' id='word_1_245' title='bbox 558 3080 685 3143; x_wconf 87' lang='lat' dir='ltr'><strong>laudare</strong></span> <span class='ocrx_word' id='word_1_246' title='bbox 701 3082 863 3161; x_wconf 87' lang='lat' dir='ltr'><strong>possttm.”</strong></span> <span class='ocrx_word' id='word_1_247' title='bbox 887 3084 925 3141; x_wconf 90' lang='lat' dir='ltr'><strong>de</strong></span> <span class='ocrx_word' id='word_1_248' title='bbox 938 3082 1045 3165; x_wconf 77' lang='lat' dir='ltr'><strong>Legg.</strong></span> <span class='ocrx_word' id='word_1_249' title='bbox 1065 3081 1129 3143; x_wconf 93' lang='lat' dir='ltr'><strong>lll.</strong></span> <span class='ocrx_word' id='word_1_250' title='bbox 1148 3081 1185 3155; x_wconf 85' lang='lat'><strong>9,</strong></span> <span class='ocrx_word' id='word_1_251' title='bbox 1204 3083 1256 3144; x_wconf 75' lang='lat'><strong>22.</strong></span> <span class='ocrx_word' id='word_1_252' title='bbox 1276 3082 1320 3144; x_wconf 87' lang='lat' dir='ltr'><strong>cl.</strong></span> <span class='ocrx_word' id='word_1_253' title='bbox 1338 3082 1405 3147; x_wconf 87' lang='lat' dir='ltr'><strong>lll.</strong></span> <span class='ocrx_word' id='word_1_254' title='bbox 1425 3085 1477 3158; x_wconf 85' lang='lat' dir='ltr'><strong>tt,</strong></span> <span class='ocrx_word' id='word_1_255' title='bbox 1498 3083 1549 3146; x_wconf 75' lang='lat'><strong>26.</strong></span> 
     </span>
    </p>

    <p class='ocr_par' dir='ltr' id='par_1_9' title="bbox 124 3173 1552 4852">
     <span class='ocr_line' id='line_1_30' title="bbox 311 3173 1552 3260; baseline 0.002 -24"><span class='ocrx_word' id='word_1_256' title='bbox 311 3173 434 3254; x_wconf 84' lang='lat' dir='ltr'><strong>„Nulla</strong></span> <span class='ocrx_word' id='word_1_257' title='bbox 456 3176 484 3236; x_wconf 92' lang='lat' dir='ltr'><strong>itt</strong></span> <span class='ocrx_word' id='word_1_258' title='bbox 505 3174 625 3235; x_wconf 89' lang='lat' dir='ltr'><strong>iudiciis</strong></span> <span class='ocrx_word' id='word_1_259' title='bbox 647 3176 817 3249; x_wconf 86' lang='lat' dir='ltr'><strong>severitas,</strong></span> <span class='ocrx_word' id='word_1_260' title='bbox 843 3174 925 3235; x_wconf 89' lang='lat' dir='ltr'><strong>nulla</strong></span> <span class='ocrx_word' id='word_1_261' title='bbox 947 3175 1080 3256; x_wconf 84' lang='lat' dir='ltr'><strong>religio,</strong></span> <span class='ocrx_word' id='word_1_262' title='bbox 1104 3175 1187 3237; x_wconf 89' lang='lat' dir='ltr'><strong>nulla</strong></span> <span class='ocrx_word' id='word_1_263' title='bbox 1208 3175 1343 3260; x_wconf 87' lang='lat' dir='ltr'><strong>denique</strong></span> <span class='ocrx_word' id='word_1_264' title='bbox 1361 3176 1421 3238; x_wconf 90' lang='lat' dir='ltr'><strong>iam</strong></span> <span class='ocrx_word' id='word_1_265' title='bbox 1446 3176 1552 3239; x_wconf 83' lang='lat' dir='ltr'><strong>existi·</strong></span> 
     </span>
     <span class='ocr_line' id='line_1_31' title="bbox 224 3267 1550 3352; baseline 0.001 -22"><span class='ocrx_word' id='word_1_266' title='bbox 224 3277 349 3330; x_wconf 90' lang='lat' dir='ltr'><strong>mantttr</strong></span> <span class='ocrx_word' id='word_1_267' title='bbox 375 3288 444 3329; x_wconf 89' lang='lat' dir='ltr'><strong>esse</strong></span> <span class='ocrx_word' id='word_1_268' title='bbox 468 3267 594 3328; x_wconf 89' lang='lat' dir='ltr'><strong>iudicia.</strong></span> <span class='ocrx_word' id='word_1_269' title='bbox 639 3267 751 3350; x_wconf 88' lang='lat' dir='ltr'><strong>Itaque</strong></span> <span class='ocrx_word' id='word_1_270' title='bbox 779 3288 794 3327; x_wconf 91' lang='lat' dir='ltr'><strong>a</strong></span> <span class='ocrx_word' id='word_1_271' title='bbox 821 3270 943 3348; x_wconf 92' lang='lat' dir='ltr'><strong>populo</strong></span> <span class='ocrx_word' id='word_1_272' title='bbox 970 3269 1117 3332; x_wconf 86' lang='lat' dir='ltr'><strong>Romano</strong></span> <span class='ocrx_word' id='word_1_273' title='bbox 1142 3269 1390 3345; x_wconf 88' lang='lat' dir='ltr'><strong>contemnimur,</strong></span> <span class='ocrx_word' id='word_1_274' title='bbox 1415 3269 1550 3352; x_wconf 87' lang='lat' dir='ltr'><strong>despici·</strong></span> 
     </span>
     <span class='ocr_line' id='line_1_32' title="bbox 225 3359 1550 3448; baseline 0 -24"><span class='ocrx_word' id='word_1_275' title='bbox 225 3384 312 3425; x_wconf 85' lang='lat' dir='ltr'><strong>mur:</strong></span> <span class='ocrx_word' id='word_1_276' title='bbox 337 3360 429 3446; x_wconf 78' lang='lat' dir='ltr'><strong>graui</strong></span> <span class='ocrx_word' id='word_1_277' title='bbox 445 3362 654 3442; x_wconf 88' lang='lat' dir='ltr'><strong>diuturnaque</strong></span> <span class='ocrx_word' id='word_1_278' title='bbox 674 3361 731 3420; x_wconf 92' lang='lat' dir='ltr'><strong>iaut</strong></span> <span class='ocrx_word' id='word_1_279' title='bbox 752 3359 922 3443; x_wconf 79' lang='lat' dir='ltr'><strong>flagramus</strong></span> <span class='ocrx_word' id='word_1_280' title='bbox 940 3360 1069 3424; x_wconf 88' lang='lat' dir='ltr'><strong>invidia.</strong></span> <span class='ocrx_word' id='word_1_281' title='bbox 1116 3365 1228 3448; x_wconf 85' lang='lat' dir='ltr'><strong>Neque</strong></span> <span class='ocrx_word' id='word_1_282' title='bbox 1248 3363 1329 3425; x_wconf 88' lang='lat' dir='ltr'><strong>enim</strong></span> <span class='ocrx_word' id='word_1_283' title='bbox 1348 3364 1441 3426; x_wconf 86' lang='lat' dir='ltr'><strong>ullam</strong></span> <span class='ocrx_word' id='word_1_284' title='bbox 1460 3363 1550 3427; x_wconf 87' lang='lat' dir='ltr'><strong>aliam</strong></span> 
     </span>
     <span class='ocr_line' id='line_1_33' title="bbox 224 3452 1548 3543; baseline 0 -23"><span class='ocrx_word' id='word_1_285' title='bbox 224 3459 266 3521; x_wconf 96' lang='lat' dir='ltr'><strong>ob</strong></span> <span class='ocrx_word' id='word_1_286' title='bbox 285 3476 410 3518; x_wconf 83' lang='lat' dir='ltr'><strong>causam</strong></span> <span class='ocrx_word' id='word_1_287' title='bbox 432 3456 570 3536; x_wconf 89' lang='lat' dir='ltr'><strong>populus</strong></span> <span class='ocrx_word' id='word_1_288' title='bbox 595 3455 756 3517; x_wconf 90' lang='lat' dir='ltr'><strong>Romanus</strong></span> <span class='ocrx_word' id='word_1_289' title='bbox 780 3452 975 3515; x_wconf 86' lang='lat' dir='ltr'><strong>tribuniciam</strong></span> <span class='ocrx_word' id='word_1_290' title='bbox 1003 3466 1189 3535; x_wconf 87' lang='lat' dir='ltr'><strong>potestatem</strong></span> <span class='ocrx_word' id='word_1_291' title='bbox 1213 3468 1299 3519; x_wconf 88' lang='lat' dir='ltr'><strong>tanto</strong></span> <span class='ocrx_word' id='word_1_292' title='bbox 1323 3458 1429 3521; x_wconf 89' lang='lat' dir='ltr'><strong>studio</strong></span> <span class='ocrx_word' id='word_1_293' title='bbox 1446 3459 1548 3543; x_wconf 89' lang='lat' dir='ltr'><strong>requi·</strong></span> 
     </span>
     <span class='ocr_line' id='line_1_34' title="bbox 225 3547 1547 3632; baseline 0.001 -19"><span class='ocrx_word' id='word_1_294' title='bbox 225 3550 317 3614; x_wconf 77' lang='lat' dir='ltr'><strong>sirit:</strong></span> <span class='ocrx_word' id='word_1_295' title='bbox 350 3571 442 3632; x_wconf 84' lang='lat' dir='ltr'><strong>quatu</strong></span> <span class='ocrx_word' id='word_1_296' title='bbox 471 3570 539 3610; x_wconf 87' lang='lat' dir='ltr'><strong>cuut</strong></span> <span class='ocrx_word' id='word_1_297' title='bbox 590 3549 738 3623; x_wconf 88' lang='lat' dir='ltr'><strong>oscebat,</strong></span> <span class='ocrx_word' id='word_1_298' title='bbox 774 3550 874 3610; x_wconf 87' lang='lat' dir='ltr'><strong>verbo</strong></span> <span class='ocrx_word' id='word_1_299' title='bbox 912 3547 995 3609; x_wconf 88' lang='lat' dir='ltr'><strong>illam</strong></span> <span class='ocrx_word' id='word_1_300' title='bbox 1027 3570 1161 3629; x_wconf 88' lang='lat' dir='ltr'><strong>poscere</strong></span> <span class='ocrx_word' id='word_1_301' title='bbox 1193 3551 1373 3626; x_wconf 84' lang='lat' dir='ltr'><strong>videbatur,</strong></span> <span class='ocrx_word' id='word_1_302' title='bbox 1408 3573 1446 3614; x_wconf 91' lang='lat' dir='ltr'><strong>re</strong></span> <span class='ocrx_word' id='word_1_303' title='bbox 1477 3572 1547 3614; x_wconf 85' lang='lat' dir='ltr'><strong>vcra</strong></span> 
     </span>
     <span class='ocr_line' id='line_1_35' title="bbox 223 3570 1547 3729; baseline 0 -21"><span class='ocrx_word' id='word_1_304' title='bbox 223 3643 336 3709; x_wconf 74' lang='lat' dir='ltr'><strong>iudicia</strong></span> <span class='ocrx_word' id='word_1_305' title='bbox 354 3645 520 3724; x_wconf 87' lang='lat' dir='ltr'><strong>poscebat.</strong></span> <span class='ocrx_word' id='word_1_306' title='bbox 566 3570 680 3724; x_wconf 66' lang='lat' dir='ltr'><strong>ltaque</strong></span> <span class='ocrx_word' id='word_1_307' title='bbox 697 3644 758 3704; x_wconf 91' lang='lat' dir='ltr'><strong>ltnc</strong></span> <span class='ocrx_word' id='word_1_308' title='bbox 782 3641 824 3721; x_wconf 84' lang='lat' dir='ltr'><strong>Q.</strong></span> <span class='ocrx_word' id='word_1_309' title='bbox 841 3639 990 3704; x_wconf 89' lang='lat' dir='ltr'><strong>Catulum</strong></span> <span class='ocrx_word' id='word_1_310' title='bbox 1007 3642 1163 3705; x_wconf 90' lang='lat' dir='ltr'><strong>hominem</strong></span> <span class='ocrx_word' id='word_1_311' title='bbox 1180 3641 1441 3727; x_wconf 85' lang='lat' dir='ltr'><strong>sapientissimum</strong></span> <span class='ocrx_word' id='word_1_312' title='bbox 1455 3656 1547 3729; x_wconf 90' lang='lat' dir='ltr'><strong>atque</strong></span> 
     </span>
     <span class='ocr_line' id='line_1_36' title="bbox 223 3734 1545 3820; baseline -0.002 -17"><span class='ocrx_word' id='word_1_313' title='bbox 223 3739 446 3820; x_wconf 87' lang='lat' dir='ltr'><strong>amplissimum</strong></span> <span class='ocrx_word' id='word_1_314' title='bbox 471 3736 572 3820; x_wconf 84' lang='lat' dir='ltr'><strong>lugit,</strong></span> <span class='ocrx_word' id='word_1_315' title='bbox 609 3738 661 3818; x_wconf 92' lang='lat' dir='ltr'><strong>qui</strong></span> <span class='ocrx_word' id='word_1_316' title='bbox 689 3739 750 3801; x_wconf 86' lang='lat' dir='ltr'><strong>Cn.</strong></span> <span class='ocrx_word' id='word_1_317' title='bbox 773 3734 936 3816; x_wconf 85' lang='lat' dir='ltr'><strong>Pompeio</strong></span> <span class='ocrx_word' id='word_1_318' title='bbox 964 3737 1035 3799; x_wconf 85' lang='lat' dir='ltr'><strong>viro</strong></span> <span class='ocrx_word' id='word_1_319' title='bbox 1060 3735 1236 3800; x_wconf 78' lang='lat' dir='ltr'><strong>tortissiuto</strong></span> <span class='ocrx_word' id='word_1_320' title='bbox 1260 3750 1291 3800; x_wconf 90' lang='lat' dir='ltr'><strong>et</strong></span> <span class='ocrx_word' id='word_1_321' title='bbox 1314 3736 1489 3802; x_wconf 87' lang='lat' dir='ltr'><strong>clarissimo</strong></span> <span class='ocrx_word' id='word_1_322' title='bbox 1508 3741 1545 3801; x_wconf 88' lang='lat' dir='ltr'><strong>de</strong></span> 
     </span>
     <span class='ocr_line' id='line_1_37' title="bbox 223 3831 1544 3914; baseline -0.001 -17"><span class='ocrx_word' id='word_1_323' title='bbox 223 3834 389 3910; x_wconf 83' lang='lat' dir='ltr'><strong>tribunicia</strong></span> <span class='ocrx_word' id='word_1_324' title='bbox 413 3842 571 3913; x_wconf 88' lang='lat' dir='ltr'><strong>potestate</strong></span> <span class='ocrx_word' id='word_1_325' title='bbox 593 3832 770 3904; x_wconf 79' lang='lat' dir='ltr'><strong>referente,</strong></span> <span class='ocrx_word' id='word_1_326' title='bbox 797 3851 866 3891; x_wconf 93' lang='lat' dir='ltr'><strong>cttut</strong></span> <span class='ocrx_word' id='word_1_327' title='bbox 891 3839 973 3889; x_wconf 88' lang='lat' dir='ltr'><strong>essct</strong></span> <span class='ocrx_word' id='word_1_328' title='bbox 993 3831 1177 3891; x_wconf 89' lang='lat' dir='ltr'><strong>sententiam</strong></span> <span class='ocrx_word' id='word_1_329' title='bbox 1201 3843 1352 3914; x_wconf 85' lang='lat' dir='ltr'><strong>rogatus,</strong></span> <span class='ocrx_word' id='word_1_330' title='bbox 1378 3832 1442 3895; x_wconf 89' lang='lat' dir='ltr'><strong>ltoc</strong></span> <span class='ocrx_word' id='word_1_331' title='bbox 1456 3831 1544 3896; x_wconf 89' lang='lat' dir='ltr'><strong>initio</strong></span> 
     </span>
     <span class='ocr_line' id='line_1_38' title="bbox 223 3924 1545 4007; baseline -0.001 -16"><span class='ocrx_word' id='word_1_332' title='bbox 223 3943 268 3992; x_wconf 89' lang='lat' dir='ltr'><strong>est</strong></span> <span class='ocrx_word' id='word_1_333' title='bbox 293 3949 411 3991; x_wconf 88' lang='lat' dir='ltr'><strong>sttmutn</strong></span> <span class='ocrx_word' id='word_1_334' title='bbox 439 3947 509 3987; x_wconf 92' lang='lat' dir='ltr'><strong>cutn</strong></span> <span class='ocrx_word' id='word_1_335' title='bbox 531 3927 720 3988; x_wconf 88' lang='lat' dir='ltr'><strong>auctoritate</strong></span> <span class='ocrx_word' id='word_1_336' title='bbox 743 3945 832 3986; x_wconf 83' lang='lat' dir='ltr'><strong>usus:</strong></span> <span class='ocrx_word' id='word_1_337' title='bbox 875 3924 996 3985; x_wconf 83' lang='lat' dir='ltr'><strong>Patres</strong></span> <span class='ocrx_word' id='word_1_338' title='bbox 1017 3924 1229 4007; x_wconf 82' lang='lat' dir='ltr'><strong>conscriptos</strong></span> <span class='ocrx_word' id='word_1_339' title='bbox 1251 3925 1381 3988; x_wconf 83' lang='lat' dir='ltr'><strong>indicia</strong></span> <span class='ocrx_word' id='word_1_340' title='bbox 1403 3929 1493 3990; x_wconf 83' lang='lat' dir='ltr'><strong>male</strong></span> <span class='ocrx_word' id='word_1_341' title='bbox 1514 3938 1545 3989; x_wconf 86' lang='lat' dir='ltr'><strong>et</strong></span> 
     </span>
     <span class='ocr_line' id='line_1_39' title="bbox 212 4017 1544 4119; baseline -0.002 -32"><span class='ocrx_word' id='word_1_342' title='bbox 212 4021 403 4119; x_wconf 82' lang='lat' dir='ltr'><strong>flagitiose</strong></span> <span class='ocrx_word' id='word_1_343' title='bbox 420 4020 528 4083; x_wconf 84' lang='lat' dir='ltr'><strong>tueri:</strong></span> <span class='ocrx_word' id='word_1_344' title='bbox 555 4018 647 4103; x_wconf 84' lang='lat' dir='ltr'><strong>quod</strong></span> <span class='ocrx_word' id='word_1_345' title='bbox 667 4019 698 4081; x_wconf 86' lang='lat' dir='ltr'><strong>ai</strong></span> <span class='ocrx_word' id='word_1_346' title='bbox 720 4018 754 4080; x_wconf 85' lang='lat' dir='ltr'><strong>in</strong></span> <span class='ocrx_word' id='word_1_347' title='bbox 778 4018 878 4080; x_wconf 81' lang='lat' dir='ltr'><strong>rebus</strong></span> <span class='ocrx_word' id='word_1_348' title='bbox 900 4017 1093 4081; x_wconf 82' lang='lat' dir='ltr'><strong>iudicandis</strong></span> <span class='ocrx_word' id='word_1_349' title='bbox 1110 4018 1233 4101; x_wconf 80' lang='lat' dir='ltr'><strong>populi</strong></span> <span class='ocrx_word' id='word_1_350' title='bbox 1255 4021 1404 4084; x_wconf 83' lang='lat' dir='ltr'><strong>Rotnani</strong></span> <span class='ocrx_word' id='word_1_351' title='bbox 1425 4021 1544 4087; x_wconf 75' lang='lat' dir='ltr'><strong>existi·</strong></span> 
     </span>
     <span class='ocr_line' id='line_1_40' title="bbox 225 4110 1546 4204; baseline -0.002 -23"><span class='ocrx_word' id='word_1_352' title='bbox 225 4116 369 4181; x_wconf 83' lang='lat' dir='ltr'><strong>mationi</strong></span> <span class='ocrx_word' id='word_1_353' title='bbox 390 4114 477 4177; x_wconf 84' lang='lat' dir='ltr'><strong>sotis</strong></span> <span class='ocrx_word' id='word_1_354' title='bbox 487 4110 618 4204; x_wconf 86' lang='lat' dir='ltr'><strong>facere</strong></span> <span class='ocrx_word' id='word_1_355' title='bbox 640 4112 843 4184; x_wconf 83' lang='lat' dir='ltr'><strong>voluissent,</strong></span> <span class='ocrx_word' id='word_1_356' title='bbox 879 4132 946 4174; x_wconf 86' lang='lat' dir='ltr'><strong>non</strong></span> <span class='ocrx_word' id='word_1_357' title='bbox 968 4123 1146 4194; x_wconf 83' lang='lat' dir='ltr'><strong>tantopere</strong></span> <span class='ocrx_word' id='word_1_358' title='bbox 1168 4113 1322 4175; x_wconf 83' lang='lat' dir='ltr'><strong>homiues</strong></span> <span class='ocrx_word' id='word_1_359' title='bbox 1333 4111 1462 4204; x_wconf 84' lang='lat' dir='ltr'><strong>fuisse</strong></span> <span class='ocrx_word' id='word_1_360' title='bbox 1483 4116 1546 4179; x_wconf 82' lang='lat' dir='ltr'><strong>tri·</strong></span> 
     </span>
     <span class='ocr_line' id='line_1_41' title="bbox 224 4205 1545 4293; baseline -0.001 -18"><span class='ocrx_word' id='word_1_361' title='bbox 224 4212 394 4291; x_wconf 82' lang='lat' dir='ltr'><strong>bttrticiam</strong></span> <span class='ocrx_word' id='word_1_362' title='bbox 421 4220 625 4293; x_wconf 82' lang='lat' dir='ltr'><strong>potestatem</strong></span> <span class='ocrx_word' id='word_1_363' title='bbox 661 4206 930 4269; x_wconf 73' lang='lat' dir='ltr'><strong>desideraturos.</strong></span> <span class='ocrx_word' id='word_1_364' title='bbox 987 4205 1061 4286; x_wconf 90' lang='lat' dir='ltr'><strong>lpse</strong></span> <span class='ocrx_word' id='word_1_365' title='bbox 1097 4206 1232 4288; x_wconf 87' lang='lat' dir='ltr'><strong>denique</strong></span> <span class='ocrx_word' id='word_1_366' title='bbox 1265 4211 1328 4272; x_wconf 82' lang='lat' dir='ltr'><strong>Cn.</strong></span> <span class='ocrx_word' id='word_1_367' title='bbox 1362 4209 1545 4293; x_wconf 79' lang='lat' dir='ltr'><strong>Pompeius</strong></span> 
     </span>
     <span class='ocr_line' id='line_1_42' title="bbox 226 4299 1543 4386; baseline 0 -19"><span class='ocrx_word' id='word_1_368' title='bbox 226 4327 296 4368; x_wconf 89' lang='lat' dir='ltr'><strong>cunt</strong></span> <span class='ocrx_word' id='word_1_369' title='bbox 323 4307 455 4386; x_wconf 82' lang='lat' dir='ltr'><strong>primum</strong></span> <span class='ocrx_word' id='word_1_370' title='bbox 488 4299 668 4365; x_wconf 84' lang='lat' dir='ltr'><strong>contionem</strong></span> <span class='ocrx_word' id='word_1_371' title='bbox 698 4303 736 4361; x_wconf 88' lang='lat' dir='ltr'><strong>ad</strong></span> <span class='ocrx_word' id='word_1_372' title='bbox 763 4300 871 4360; x_wconf 89' lang='lat' dir='ltr'><strong>ttrbetn</strong></span> <span class='ocrx_word' id='word_1_373' title='bbox 903 4300 1015 4362; x_wconf 91' lang='lat' dir='ltr'><strong>consul</strong></span> <span class='ocrx_word' id='word_1_374' title='bbox 1042 4299 1222 4386; x_wconf 82' lang='lat' dir='ltr'><strong>designatus</strong></span> <span class='ocrx_word' id='word_1_375' title='bbox 1250 4299 1378 4375; x_wconf 85' lang='lat' dir='ltr'><strong>ltabuit,</strong></span> <span class='ocrx_word' id='word_1_376' title='bbox 1415 4303 1470 4367; x_wconf 89' lang='lat' dir='ltr'><strong>ubi</strong></span> <span class='ocrx_word' id='word_1_377' title='bbox 1500 4304 1543 4380; x_wconf 87' lang='lat' dir='ltr'><strong>id,</strong></span> 
     </span>
     <span class='ocr_line' id='line_1_43' title="bbox 226 4392 1544 4482; baseline 0.005 -27"><span class='ocrx_word' id='word_1_378' title='bbox 226 4399 312 4482; x_wconf 89' lang='lat' dir='ltr'><strong>quod</strong></span> <span class='ocrx_word' id='word_1_379' title='bbox 336 4397 471 4459; x_wconf 79' lang='lat' dir='ltr'><strong>maxime</strong></span> <span class='ocrx_word' id='word_1_380' title='bbox 493 4393 671 4476; x_wconf 84' lang='lat' dir='ltr'><strong>exspectari</strong></span> <span class='ocrx_word' id='word_1_381' title='bbox 694 4392 877 4466; x_wconf 83' lang='lat' dir='ltr'><strong>videbatur,</strong></span> <span class='ocrx_word' id='word_1_382' title='bbox 903 4395 1057 4469; x_wconf 85' lang='lat' dir='ltr'><strong>ostendit,</strong></span> <span class='ocrx_word' id='word_1_383' title='bbox 1081 4416 1115 4457; x_wconf 89' lang='lat' dir='ltr'><strong>se</strong></span> <span class='ocrx_word' id='word_1_384' title='bbox 1138 4396 1332 4459; x_wconf 84' lang='lat' dir='ltr'><strong>tribuniciam</strong></span> <span class='ocrx_word' id='word_1_385' title='bbox 1356 4409 1544 4478; x_wconf 87' lang='lat' dir='ltr'><strong>potestatem</strong></span> 
     </span>
     <span class='ocr_line' id='line_1_44' title="bbox 226 4487 1542 4573; baseline 0.002 -22"><span class='ocrx_word' id='word_1_386' title='bbox 226 4491 465 4561; x_wconf 84' lang='lat' dir='ltr'><strong>restituturum,</strong></span> <span class='ocrx_word' id='word_1_387' title='bbox 491 4490 591 4550; x_wconf 90' lang='lat' dir='ltr'><strong>lactus</strong></span> <span class='ocrx_word' id='word_1_388' title='bbox 610 4501 657 4550; x_wconf 89' lang='lat' dir='ltr'><strong>est</strong></span> <span class='ocrx_word' id='word_1_389' title='bbox 676 4487 707 4550; x_wconf 93' lang='lat' dir='ltr'><strong>in</strong></span> <span class='ocrx_word' id='word_1_390' title='bbox 729 4509 768 4551; x_wconf 92' lang='lat' dir='ltr'><strong>eo</strong></span> <span class='ocrx_word' id='word_1_391' title='bbox 785 4487 936 4569; x_wconf 88' lang='lat' dir='ltr'><strong>strepitus</strong></span> <span class='ocrx_word' id='word_1_392' title='bbox 952 4501 983 4551; x_wconf 93' lang='lat' dir='ltr'><strong>et</strong></span> <span class='ocrx_word' id='word_1_393' title='bbox 998 4501 1087 4573; x_wconf 84' lang='lat' dir='ltr'><strong>grata</strong></span> <span class='ocrx_word' id='word_1_394' title='bbox 1103 4489 1261 4554; x_wconf 89' lang='lat' dir='ltr'><strong>contionis</strong></span> <span class='ocrx_word' id='word_1_395' title='bbox 1281 4493 1542 4555; x_wconf 87' lang='lat' dir='ltr'><strong>admurmuratio.</strong></span> 
     </span>
     <span class='ocr_line' id='line_1_45' title="bbox 124 4578 1543 4669; baseline 0.004 -25"><span class='ocrx_word' id='word_1_396' title='bbox 124 4578 133 4596; x_wconf 72' lang='lat'>⁸</span> <span class='ocrx_word' id='word_1_397' title='bbox 228 4582 314 4644; x_wconf 86' lang='lat' dir='ltr'><strong>ldetu</strong></span> <span class='ocrx_word' id='word_1_398' title='bbox 338 4584 367 4644; x_wconf 91' lang='lat' dir='ltr'><strong>in</strong></span> <span class='ocrx_word' id='word_1_399' title='bbox 392 4587 498 4644; x_wconf 87' lang='lat' dir='ltr'><strong>eadem</strong></span> <span class='ocrx_word' id='word_1_400' title='bbox 519 4582 669 4646; x_wconf 89' lang='lat' dir='ltr'><strong>contione</strong></span> <span class='ocrx_word' id='word_1_401' title='bbox 690 4604 760 4646; x_wconf 93' lang='lat' dir='ltr'><strong>cutu</strong></span> <span class='ocrx_word' id='word_1_402' title='bbox 783 4583 931 4657; x_wconf 79' lang='lat' dir='ltr'><strong>dixisset,</strong></span> <span class='ocrx_word' id='word_1_403' title='bbox 951 4585 1137 4665; x_wconf 79' lang='lat' dir='ltr'><strong>poptdotae</strong></span> <span class='ocrx_word' id='word_1_404' title='bbox 1154 4597 1361 4669; x_wconf 75' lang='lat' dir='ltr'><strong>vexatasque</strong></span> <span class='ocrx_word' id='word_1_405' title='bbox 1375 4605 1450 4649; x_wconf 82' lang='lat' dir='ltr'><strong>esse</strong></span> <span class='ocrx_word' id='word_1_406' title='bbox 1461 4608 1543 4669; x_wconf 87' lang='lat' dir='ltr'><strong>pro-</strong></span> 
     </span>
     <span class='ocr_line' id='line_1_46' title="bbox 227 4675 1544 4769; baseline 0.005 -33"><span class='ocrx_word' id='word_1_407' title='bbox 227 4675 373 4749; x_wconf 83' lang='lat' dir='ltr'><strong>niurias,</strong></span> <span class='ocrx_word' id='word_1_408' title='bbox 397 4677 525 4739; x_wconf 82' lang='lat' dir='ltr'><strong>iudicia</strong></span> <span class='ocrx_word' id='word_1_409' title='bbox 540 4689 655 4739; x_wconf 84' lang='lat' dir='ltr'><strong>antem</strong></span> <span class='ocrx_word' id='word_1_410' title='bbox 673 4677 791 4760; x_wconf 84' lang='lat' dir='ltr'><strong>turpio</strong></span> <span class='ocrx_word' id='word_1_411' title='bbox 807 4675 1160 4769; x_wconf 75' lang='lat' dir='ltr'><strong>deflagitioaasteri;</strong></span> <span class='ocrx_word' id='word_1_412' title='bbox 1181 4679 1213 4741; x_wconf 86' lang='lat' dir='ltr'><strong>ei</strong></span> <span class='ocrx_word' id='word_1_413' title='bbox 1234 4678 1286 4742; x_wconf 86' lang='lat' dir='ltr'><strong>rei</strong></span> <span class='ocrx_word' id='word_1_414' title='bbox 1305 4699 1343 4741; x_wconf 82' lang='lat' dir='ltr'><strong>se</strong></span> <span class='ocrx_word' id='word_1_415' title='bbox 1360 4681 1544 4762; x_wconf 82' lang='lat' dir='ltr'><strong>prouidere</strong></span> 
     </span>
     <span class='ocr_line' id='line_1_47' title="bbox 227 4767 1541 4852; baseline 0.007 -23"><span class='ocrx_word' id='word_1_416' title='bbox 227 4788 269 4830; x_wconf 87' lang='lat' dir='ltr'><strong>ec</strong></span> <span class='ocrx_word' id='word_1_417' title='bbox 290 4772 466 4833; x_wconf 84' lang='lat' dir='ltr'><strong>consulere</strong></span> <span class='ocrx_word' id='word_1_418' title='bbox 487 4772 587 4833; x_wconf 81' lang='lat' dir='ltr'><strong>velte:</strong></span> <span class='ocrx_word' id='word_1_419' title='bbox 608 4782 673 4832; x_wconf 91' lang='lat' dir='ltr'><strong>tum</strong></span> <span class='ocrx_word' id='word_1_420' title='bbox 698 4790 775 4835; x_wconf 85' lang='lat' dir='ltr'><strong>vero</strong></span> <span class='ocrx_word' id='word_1_421' title='bbox 798 4792 861 4835; x_wconf 90' lang='lat' dir='ltr'><strong>non</strong></span> <span class='ocrx_word' id='word_1_422' title='bbox 883 4767 1034 4852; x_wconf 88' lang='lat' dir='ltr'><strong>strepitu,</strong></span> <span class='ocrx_word' id='word_1_423' title='bbox 1057 4774 1113 4835; x_wconf 91' lang='lat' dir='ltr'><strong>sed</strong></span> <span class='ocrx_word' id='word_1_424' title='bbox 1134 4771 1270 4839; x_wconf 83' lang='lat' dir='ltr'><strong>maximo</strong></span> <span class='ocrx_word' id='word_1_425' title='bbox 1292 4774 1432 4838; x_wconf 88' lang='lat' dir='ltr'><strong>clamore</strong></span> <span class='ocrx_word' id='word_1_426' title='bbox 1455 4795 1541 4840; x_wconf 86' lang='lat' dir='ltr'><strong>attam</strong></span> 
     </span>
    </p>
   </div>
   <div class='ocr_carea' id='block_1_9' title="bbox 0 0 1606 5318">
    <p class='ocr_par' dir='ltr' id='par_1_10' title="bbox 0 0 1606 5318">
     <span class='ocr_line' id='line_1_48' title="bbox 0 0 1606 5318; baseline 0 0"><span class='ocrx_word' id='word_1_427' title='bbox 0 0 1606 5318; x_wconf 95' lang='lat' dir='ltr'><strong> </strong></span> 
     </span>
    </p>
   </div>
  </div>
 </body>
</html>
