3202 5318
133 279 198 345 200
616 274 769 344 INDEX
790 276 970 345 Locum

135 422 300 486 voluntate
329 418 526 485 accusatoris
555 421 722 483 ederentur
751 416 871 491 tribus,
905 439 945 478 ex
974 416 1088 499 qrribus
1116 435 1207 477 ernam
1237 417 1458 480 tantummodo

134 514 268 582 reiicere
291 526 402 598 posset
422 535 513 589 retis,
543 516 581 577 de
607 511 739 595 reliquis
762 522 863 574 autem
886 508 1005 573 iudices
1027 510 1219 572 haberentur
1244 510 1353 592 utiquc
1378 509 1459 572 inle-

134 608 262 673 stissimi
283 629 408 673 earrsam
430 607 622 683 dicentibus,
646 617 758 687 utpote
785 626 866 687 quot
893 615 1060 667 aecusator
1082 604 1121 665 ad
1146 602 1342 666 voluntatem
1368 623 1457 665 suam

133 701 341 787 praeelegisset
363 703 485 766 edendo
510 722 563 764 eas
585 698 781 783 potissimum
804 696 924 771 tribus,
949 717 1027 778 quas
1050 714 1108 759 reo
1130 697 1228 759 tainus
1250 715 1368 781 aequas
1387 695 1461 761 fore

133 793 378 861 arbitraretur.”
412 795 521 860 Sebol.
548 794 634 858 Bob.
658 814 693 874 p.
718 792 793 855 253.
817 789 860 854 el.
883 812 918 872 p.
943 791 1017 854 261.

220 890 363 975 „Itaque
384 888 513 970 relictus
536 890 611 972 lege
633 886 769 952 Licinio
789 884 872 969 (legi
888 885 1058 962 Liciniae)
1081 883 1203 949 maiore
1226 906 1296 951 esse
1317 885 1465 968 periculo

135 981 297 1051 videtur.''
331 985 370 1047 ad
391 983 483 1049 Fam.
506 982 610 1045 Vlll.
634 981 668 1056 2,
694 985 724 1042 1.

219 1077 313 1141 Hanc
333 1076 439 1161 legem
457 1088 518 1138 tam
542 1074 673 1160 egregie
693 1071 864 1139 illustravit
880 1077 924 1140 E.
950 1074 1147 1139 Wuuelerua
1161 1073 1208 1155 (in
1222 1075 1465 1161 prolegomenis

137 1170 178 1233 ad
208 1169 410 1235 Plancianam
436 1168 494 1234 lib.
518 1169 586 1235 111.
611 1191 641 1233 c.
665 1170 736 1248 3.),
771 1179 806 1231 ιιι
834 1181 958 1253 gratam
992 1169 1156 1250 permultis
1186 1189 1316 1251 operam
1346 1169 1464 1235 iactari

134 1263 229 1329 nobis
244 1264 441 1341 videremur,
466 1265 494 1328 si
517 1277 615 1329 totam
632 1263 698 1329 eius
718 1262 968 1337 dissertationem
983 1263 1056 1327 buie
1070 1263 1176 1348 legum
1194 1262 1289 1329 indici
1304 1264 1463 1329 inserere-

136 1377 220 1423 mus.
263 1360 324 1424 Est
345 1370 448 1424 aretem
471 1360 567 1424 haee:

133 1514 187 1582 De
210 1539 297 1583 nece
319 1518 477 1596 chmru,
501 1538 566 1594 oua
588 1516 653 1584 Cu.
678 1519 849 1582 Pnuncms
872 1541 893 1580 u
916 1516 967 1581 Μ.
989 1517 1190 1579 Lareneuss:
1212 1537 1460 1582 sonunrcrormm

578 1633 656 1676 neus
679 1633 740 1675 esa
761 1632 893 1675 sacrus.

220 1734 311 1815 Quae
339 1737 442 1800 adbuc
465 1734 527 1807 ¹viri
553 1734 640 1799 docti
668 1735 707 1797 de
734 1734 804 1819 lege
831 1733 983 1835 Lieipia,
1015 1755 1096 1818 quiae
1118 1733 1160 1798 de
1186 1734 1362 1800 sodaliciis
1387 1733 1459 1810 suit,

135 1826 348 1911 scripserunt,
373 1851 409 1893 ea
433 1842 464 1893 et
483 1849 641 1912 perpauca
661 1840 753 1904 sunt,
779 1850 882 1913 neque
901 1849 975 1890 vera
996 1827 1144 1903 omuino,
1170 1828 1210 1891 ita
1230 1840 1264 1891 ut
1278 1831 1319 1892 ad
1337 1849 1461 1913 cogno·

138 1925 284 2001 scendum
305 1923 386 2009 legis
407 1923 492 1987 illius
517 1923 672 1989 rationem
697 1922 832 1987 minume
852 1922 1018 1986 sufficiant.
1065 1924 1138 2002 Quo
1163 1923 1262 2007 magis
1282 1922 1463 1988 iacirrndum

135 2015 213 2080 mibi
244 2016 371 2099 putavi,
404 2032 438 2082 ut
468 2040 561 2103 quam
596 2039 721 2100 possem
751 2016 997 2100 diligentissume
1029 2019 1084 2079 de.
1102 2038 1138 2080 ea
1166 2017 1219 2081 hie
1250 2038 1461 2099 exponerem,

132 2111 325 2194 praesertim
346 2133 417 2176 cum
441 2113 528 2177 mirlti
551 2112 612 2176 sint
638 2112 669 2176 in
692 2114 752 2175 hac
772 2111 919 2177 oratione
940 2111 1110 2177 Planciana
1134 2112 1216 2188 loci,
1241 2134 1377 2196 quorum
1394 2133 1464 2175 sen·

130 2206 279 2291 tentiam,
311 2205 369 2271 nisi
392 2207 553 2292 cognitam
578 2228 646 2271 eam
673 2206 847 2284 habemus,
880 2205 932 2267 rix
957 2205 1142 2288 perspicere
1168 2220 1256 2270 recte
1278 2226 1462 2289 possumus.

134 2298 218 2363 Erat
245 2288 325 2364 einim
355 2298 418 2365 Cn.
447 2300 598 2365 Plancius
622 2302 694 2386 lege
724 2301 777 2364 illa
802 2323 819 2363 a
847 2303 900 2365 Μ.
926 2301 1102 2365 Laterense
1137 2299 1362 2366 sodaliciorum
1389 2318 1463 2363 reus

136 2392 258 2471 laetru,
282 2397 320 2459 de
343 2416 404 2478 qua
430 2416 467 2458 re
490 2392 608 2459 Cicero
634 2392 674 2460 C.
695 2395 777 2459 XV.
801 2398 831 2468 §.
856 2395 910 2460 36.
935 2406 1055 2460 monet.

221 2488 267 2554 Ut
288 2501 390 2552 autem
414 2500 502 2552 reete
524 2501 555 2552 et
577 2489 690 2552 ordine
713 2488 886 2572 disputatio
910 2500 1018 2555 nostra
1042 2492 1214 2572 procedat,
1246 2488 1382 2571 primum
1405 2492 1464 2552 do·

136 2583 293 2658 cebimus,
329 2604 346 2645 a
376 2605 441 2667 qrro
470 2596 501 2647 et
529 2589 656 2669 qrrando
686 2584 748 2646 lata
778 2584 831 2646 lex
859 2583 912 2647 illa
934 2582 994 2659 sit,
1029 2585 1141 2648 deinde
1163 2606 1225 2669 quta
1246 2605 1284 2648 re
1305 2604 1323 2646 a
1344 2580 1462 2645 ceteris

136 2674 271 2743 ambitus
294 2676 436 2762 legibus,
461 2679 499 2740 ael
523 2699 615 2762 quem
642 2678 867 2743 sodaliciorum
890 2677 1007 2741 crimen
1031 2679 1229 2761 pertinebat,
1261 2677 1461 2759 discreparit,

135 2768 178 2833 ita
201 2767 345 2854 quidem,
372 2783 404 2834 ut
426 2771 561 2854 primum
582 2773 620 2834 de
644 2770 848 2848 criminibus,
874 2793 954 2855 quiae
977 2772 1143 2835 debuerint
1166 2771 1307 2836 conferri
1330 2771 1361 2835 in
1381 2792 1462 2847 enirn,

137 2861 193 2946 qrri
215 2863 287 2947 lege
313 2864 372 2928 ist'a
395 2865 630 2947 postularetur,
655 2864 767 2930 deiude
793 2866 960 2931 deforma
987 2887 1024 2929 ae
1046 2888 1164 2952 genere
1183 2864 1296 2941 iudici,
1322 2866 1408 2948 quod
1432 2862 1466 2927 in

136 2954 362 3023 sodaliciorum
384 2980 473 3021 reum
495 2958 672 3023 exercitum
697 2958 755 3034 sit,
780 2958 915 3044 denique
937 2963 975 3024 de
998 2983 1101 3043 poena
1124 2960 1303 3036 videamus,
1328 2980 1391 3046 qua
1411 2961 1466 3023 ad·

136 3049 242 3115 factus
263 3052 321 3131 sit,
347 3051 402 3139 qui
422 3049 563 3115 criminis
585 3052 668 3117 illius
691 3052 857 3119 conuictus
880 3067 976 3118 essct.

761 3216 792 3288 §·
824 3215 854 3277 1·
955 3243 959 3255 ’

488 3324 609 3397 Quando
628 3336 657 3378 et
677 3346 694 3377 a
714 3345 767 3397 prro
786 3328 834 3379 lea·
855 3326 965 3381 Lieiur'a
983 3334 1045 3381 lata
1062 3335 1113 3384 sit.

227 3427 372 3506 Primus,
390 3441 538 3514 quantum
554 3429 641 3504 seio,
659 3429 701 3495 C.
716 3430 869 3514 Sigonius
884 3433 923 3497 de
938 3432 1069 3496 Iudiciis
1086 3434 1127 3499 L.
1144 3434 1190 3497 ll.
1207 3455 1237 3497 e.
1253 3433 1306 3497 30.
1321 3456 1355 3517 p.
1371 3435 1465 3498 1788.

24 3506 30 3523 ’
143 3526 243 3593 Thes.
261 3529 402 3601 praev„
421 3546 559 3610 qrtocum
574 3525 737 3590 Ferratius
757 3527 823 3592 111.
840 3528 927 3609 Epp.
943 3529 974 3592 5.
985 3550 1019 3608 p.
1035 3529 1106 3593 169.
1118 3539 1149 3591 et
1163 3530 1330 3593 Ernestius
1344 3527 1376 3592 in
1394 3530 1466 3593 lnd.

141 3619 1466 3706 legumconsentiunt,legemLiciniama.btl9.Cu.PompeioetM.LicinioCrasso

140 3714 255 3788 itemrm
272 3715 456 3780 consulibus
472 3739 488 3779 a
505 3720 561 3783 M.
579 3715 716 3781 Licinio
730 3719 858 3781 Crasso
873 3716 964 3778 latam
984 3735 1053 3777 esse
1070 3714 1158 3778 vidit.
1198 3716 1363 3779 Manutius
1379 3726 1465 3778 certe

142 3811 181 3874 de
202 3808 327 3892 legibus
349 3809 447 3873 Rouu
471 3834 501 3875 e.
522 3812 575 3873 30.
600 3813 677 3873 baec
695 3830 795 3890 pauca
810 3822 929 3872 tanturn
946 3812 985 3872 de
1000 3809 1072 3892 lege
1086 3808 1138 3872 illa
1154 3809 1293 3873 monuitz
1316 3807 1462 3882 ,Licinia

141 3902 211 3979 lex,
234 3905 272 3966 de
287 3902 442 3967 sodaliciis
458 3902 537 3978 lata,
562 3906 600 3966 ad
618 3904 768 3968 ambitum
784 3902 954 3984 pertinuit;
977 3903 1081 3967 sanxit
1096 3903 1195 3978 enirn.
1220 3904 1344 3986 nunriis
1360 3902 1465 3969 eoiret

141 3997 344 4083 magistratus
367 3996 558 4079 adipiscendi
573 4018 702 4072 caussa;
725 4000 844 4082 quoda
867 3999 1044 4063 Laterense
1063 3997 1223 4061 obiectum
1239 3995 1303 4063 Cn.
1319 3996 1465 4073 Plancio,

142 4089 281 4156 ostendit
311 4089 431 4156 Cicero
460 4091 490 4154 in
519 4089 666 4155 oratione
689 4113 751 4172 pro
775 4090 895 4173 ipso.'';
927 4090 1037 4155 Miror
1066 4104 1189 4166 autem,
1226 4090 1411 4157 Sclrulainm
1436 4092 1469 4156 in

141 4185 242 4262 libro,
266 4181 355 4250 crtiris
382 4185 491 4250 titulus
514 4197 581 4249 est:
623 4188 699 4250 Von
722 4185 787 4248 alen
812 4188 1220 4271 Volksuersammluugen
1242 4187 1305 4250 der
1327 4190 1469 4253 lldmer.

141 4280 287 4345 Gothos.
306 4281 421 4356 tatu,
445 4302 479 4344 se
499 4302 563 4344 non
586 4279 770 4361 intellegere
789 4278 914 4355 dicere,
940 4302 1001 4363 qua
1025 4279 1149 4345 ratione
1173 4282 1285 4344 diretus
1300 4282 1471 4347 Ernestius

141 4372 196 4438 M.
222 4372 380 4437 Licinium
410 4373 489 4459 legis
520 4373 601 4437 illius
631 4372 765 4437 latorem
794 4372 925 4456 putarit.
970 4374 1088 4438 Monet
1116 4374 1170 4438 ille
1202 4396 1237 4457 p.
1267 4375 1327 4438 168
1349 4397 1402 4457 sq.
1431 4377 1470 4438 de

140 4464 275 4530 ambitus
292 4466 418 4553 legibus
440 4489 623 4551 exponens,
649 4479 818 4551 postquam
839 4466 1008 4533 Ciceronis
1027 4471 1065 4531 ad
1084 4469 1128 4548 Q.
1151 4469 1206 4533 Fr.
1222 4469 1270 4536 ll.
1293 4470 1326 4532 3.
1351 4471 1468 4534 rerba:

139 4560 267 4625 Sillam
277 4559 427 4652 sactum
447 4573 517 4638 est,
543 4574 583 4626 ιιι
603 4562 805 4626 sodalitates
825 4561 1060 4647 decuriatique
1082 4563 1310 4636 discederem
1342 4566 1469 4649 lampas

138 4652 181 4716 de
201 4650 247 4716 iia
255 4651 444 4744 serretur,
476 4667 534 4732 ut,
558 4657 617 4742 qui
638 4677 708 4721 nou
729 4655 985 4731 discessissent,
1016 4679 1059 4720 sa
1076 4679 1209 4742 poeno,
1243 4679 1332 4742 qaas
1351 4669 1406 4722 est
1425 4656 1469 4719 ds

137 4744 189 4826 vi,
212 4756 429 4813 tenerentur.
452 4747 583 4828 adtulit,
605 4751 702 4815 baeer
725 4749 937 4832 ,Ebendabio
951 4749 1046 4817 zielte
1067 4752 1150 4815 anob
1164 4751 1215 4818 die
1234 4752 1310 4817 Lex
1325 4748 1466 4817 Licinia.
