3202 5318
130 311 197 378 370
532 309 684 376 Iunux
705 309 1060 377 FoumuLAu-um.

136 454 253 518 volus
286 452 478 534 respondet:
513 449 668 517 audivi.
714 449 777 513 Hic
808 453 891 534 apud
923 449 1060 514 maiores
1091 460 1221 512 nostros
1254 449 1470 515 adhibebatur

136 547 274 630 peritus,
299 566 382 607 nunc
398 544 544 629 quilibet.
588 544 731 608 Peritum
749 556 852 607 autem
869 565 938 608 esse
955 564 1084 607 necesse
1100 555 1147 606 est
1163 564 1250 619 111111,
1276 545 1330 628 qui
1349 545 1472 609 silen-

136 643 230 704 tium
259 638 336 723 quid
364 637 424 715 sit,
454 636 627 722 intelligat:
662 638 693 700 id
720 638 801 701 enim
831 639 1039 701 silentium
1073 636 1202 700 dicimus
1231 637 1265 700 in
1296 639 1469 722 auspiciis,

138 737 226 819 quod
241 732 328 798 omni
342 732 421 796 vitio
437 743 539 796 caret.
584 733 660 796 Hoc
677 730 854 815 intelligere
869 733 1005 814 perlecti
1024 730 1153 815 auguris
1169 742 1229 794 est.
1274 731 1329 795 Illi
1350 742 1469 806 autem,

137 826 248 909 quiin
281 826 455 908 auspicium
484 823 671 902 adhibetur,
705 847 775 890 cum
810 826 851 889 ita
882 824 1054 908 imperavit
1089 823 1136 899 is,
1175 826 1228 909 qui
1260 825 1468 909 auspicatur:

136 919 290 996 Dicito,
321 918 356 983 sl
383 918 589 982 silentium
620 939 720 982 esse
745 919 974 983 videbitur!
1006 940 1064 982 uec
1090 918 1222 1002 stupieit
1243 940 1304 982 nec
1329 920 1470 985 circum·

135 1012 246 1098 spieits
278 1012 382 1077 statim
403 1015 594 1096 respondet:
625 1013 827 1076 silentium
858 1035 942 1077 esse
973 1013 1142 1076 videtur.
1188 1015 1272 1077 Tum
1297 1013 1373 1078 illes
1405 1014 1469 1080 Di·

136 1108 233 1184 uito,
256 1106 290 1172 si
311 1119 541 1192 pascuntur.
564 1139 605 1152 ·-
620 1108 867 1172 'Pascuntnm
891 1139 930 1150 —
954 1107 1046 1188 Quae
1061 1107 1160 1191 aves?
1183 1118 1239 1171 aut
1251 1106 1321 1171 ubi.
1370 1109 1467 1172 Attu-

136 1203 191 1280 lit,
213 1202 335 1287 iuqnit,
363 1200 396 1266 in
423 1222 520 1264 cavea
542 1201 649 1284 pullos
674 1201 716 1280 is,
746 1202 799 1286 qm
823 1223 862 1265 ex
886 1223 926 1265 eo
948 1201 1020 1282 ipso
1043 1200 1224 1266 nominatur
1248 1201 1466 1283 pullarius.

138 1299 177 1362 de
197 1297 337 1385 ”Ma
361 1296 417 1375 31,
439 1297 493 1359 71.
537 1295 623 1359 Vide
645 1296 746 1380 luge
769 1295 1005 1378 auspicium.
1051 1294 1289 1377 'fripudium
1312 1294 1467 1363 solisti-

17 1390 26 1420 ⁸
138 1410 236 1456 nunt.
280 1389 406 1454 Vitio.

150 1554 153 1559 ,
225 1489 430 1568 Augurum
452 1483 561 1547 libri.
606 1484 690 1546 Vide
714 1481 930 1547 Consules.

223 1581 426 1663 Augurum
456 1577 655 1658 precatio.
700 1577 737 1639 In
768 1599 958 1661 augurum
991 1576 1225 1658 precatione
1256 1576 1464 1655 Tiberinon,

142 1674 332 1758 Spinonem,
358 1671 547 1746 Almonem,
577 1669 756 1747 Nodinum,
785 1671 845 1734 alia
871 1671 1126 1754 propinquorum
1150 1668 1315 1735 lluutinum
1341 1671 1468 1735 uomina

139 1760 294 1843 1111111111.
317 1769 356 1830 de
378 1767 422 1828 N.
446 1764 489 1828 D.
513 1765 551 1840 3,
577 1765 633 1840 10,
660 1765 713 1828 51.

223 1859 439 1943 Auspicato
463 1860 601 1922 condere
623 1860 747 1924 urbem.
769 1861 808 1923 de
830 1860 917 1941 Rep.
942 1860 980 1936 1,
1004 1859 1043 1934 3,
1067 1859 1100 1922 5.

221 1953 436 2037 Auspices.
479 1951 582 2016 Nubit
603 1973 725 2038 genero
747 1974 861 2018 socrus
887 1953 980 2017 nullis
1001 1951 1259 2035 auspicibus,
1283 1953 1383 2018 nullis
1405 1975 1465 2018 au·

138 2049 333 2118 ctoribus.
360 2068 422 2129 pro
446 2044 594 2112 Cluentio
618 2049 655 2122 5,
682 2048 734 2110 11.

223 2139 419 2225 Auspices
451 2141 673 2223 nuptiarum
704 2163 786 2204 nunc
814 2162 851 2204 re
883 2142 1016 2217 omissa,
1047 2161 1161 2205 nomeu
1191 2150 1311 2204 tantum
1340 2153 1461 2208 tenent.

136 2242 177 2305 de
196 2238 307 2306 Divin.
332 2237 370 2310 1,
396 2236 454 2311 16,
479 2235 529 2301 18.

221 2329 428 2413 Auspicia.
464 2330 550 2392 Vide
571 2330 774 2416 Augurum
797 2330 1011 2394 formulae.
1049 2331 1145 2413 luge
1167 2328 1405 2411 aruspicium.
1425 2366 1463 2379 -

138 2429 185 2494 In
206 2423 392 2508 auspicio
416 2445 498 2487 esse.
522 2427 829 2502 1111111111.
853 2457 893 2469 -
915 2427 1053 2490 Ratum
1076 2424 1296 2508 auspicium
1320 2426 1464 2492 lacere.

138 2520 303 2589 deDivin.
323 2521 360 2596 1,
385 2519 445 2595 38,
470 2520 523 2583 80.
548 2552 588 2563 -
610 2520 804 2603 Auspicia
828 2521 1039 2603 peremnia,
1063 2541 1108 2583 ex
1131 2517 1381 2585 acruminibus
1403 2544 1464 2586 non

136 2617 197 2681 iam
226 2625 408 2680 servantur.
445 2617 483 2676 de
505 2615 583 2678 Nat.
607 2615 651 2678 D.
680 2614 717 2691 1,
746 2615 785 2688 8,
815 2616 847 2678 9.
877 2650 917 2661 -
951 2613 1105 2679 Contra
1138 2611 1335 2693 auspicia.
1381 2617 1464 2680 Vide

138 2714 305 2776 Senatus
328 2705 534 2772 Consulto.

127 2854 130 2861 .
221 2806 514 2869 Auerruncare.
559 2800 1360 2877 111111111111111111.111Α11.9,1.Α.,1.

223 2902 438 2963 Avertere.
482 2896 567 2959 Vide
598 2897 748 2961 Omina.
784 2928 824 2940 ·-
863 2897 893 2959 0
923 2897 963 2959 dii
991 2895 1185 2960 immortales
1215 2897 1394 2960 avertite
1427 2908 1464 2959 et

138 2988 405 3066 detestamini,
431 3011 599 3073 quaeso,
623 2991 697 3054 boc
719 2995 844 3054 omen!
879 2991 1022 3073 Philipp.
1047 2992 1084 3066 1,
1110 2992 1146 3062 1,
1172 2989 1226 3050 to.

221 3088 421 3152 Avertere
443 3085 606 3166 pecuniam
629 3084 799 3166 publicam.
845 3088 945 3148 Vcrr.
970 3088 1091 3149 Aecus.
1113 3089 1149 3157 1,
1176 3081 1232 3156 13,
1259 3082 1315 3147 31.

223 3180 373 3245 Bellum
406 3177 548 3241 iustum
578 3177 776 3262 piumque.
822 3180 896 3242 Non
925 3179 1005 3243 enim
1037 3180 1141 3242 iuste
1172 3176 1318 3258 pieque
1346 3182 1463 3247 belluna

136 3272 288 3363 gessistis.
324 3275 363 3336 de
390 3274 464 3337 Inv.
494 3275 531 3349 1,
561 3274 619 3349 13,
653 3276 706 3336 10.
737 3305 775 3317 -
810 3276 959 3338 Bellum
990 3275 1178 3338 iniustum
1208 3271 1462 3362 impiumque.

136 3369 280 3436 Divinat.
305 3368 362 3442 19,
387 3367 440 3431 (11.

114 3522 118 3551 Ι
166 3484 171 3491 ·
219 3461 685 3543 Beueetcrepublica.
728 3461 873 3544 Philipp.
900 3464 1111 3542 10,11,15.

220 3556 408 3632 Biennio,
433 3576 509 3640 quo
532 3555 617 3639 qttis
640 3566 748 3637 potat
769 3567 832 3619 cet.
878 3557 962 3620 Vide
984 3559 1070 3621 Lex
1094 3563 1242 3626 Tullia.

220 3651 331 3715 Bona
353 3671 433 3714 cum
456 3649 588 3714 venia.
634 3651 706 3714 Vos
732 3670 792 3714 oro
814 3662 909 3732 atque
936 3654 1094 3728 obsecro,
1119 3655 1255 3733 iudices,
1288 3670 1324 3720 ut
1348 3664 1461 3722 attente

137 3750 312 3829 bonaque
332 3766 415 3809 111111
437 3742 551 3807 venia
574 3745 674 3807 verba
693 3765 761 3806 mea
783 3744 928 3807 audiatis.
952 3766 1015 3827 pro
1032 3747 1068 3810 S.
1086 3750 1187 3814 Rosc.
1208 3751 1287 3814 Am.
1311 3753 1350 3831 1,
1375 3754 1407 3817 9.
1422 3782 1462 3798 -·

136 3840 246 3907 noea
268 3839 385 3903 venia
406 3858 456 3901 me
478 3838 597 3902 audies.
630 3841 668 3900 de
691 3840 768 3901 Nat.
791 3838 835 3901 D.
862 3841 896 3915 1,
922 3839 981 3914 tt,
1006 3842 1058 3906 59.

221 3934 366 4019 Bonam
389 3933 541 4016 copiam
564 3933 740 4007 eiurare,
763 3930 881 4007 idest,
905 3933 1053 4014 profiteri
1074 3956 1109 3998 se
1128 3947 1247 4000 tantum
1268 3958 1336 4002 nou
1358 3937 1461 4023 possi·

137 4032 213 4095 dere
231 4031 321 4114 quod
339 4026 416 4092 satis
438 4027 480 4091 sit
501 4027 609 4091 debito
631 4027 802 4090 solvendo.
837 4029 876 4089 ad
897 4027 988 4092 Fam.
1011 4030 1048 4103 9,
1074 4031 1132 4104 16,
1158 4034 1188 4094 l.

224 4125 396 4189 Bono'ct
418 4141 560 4206 aequo.
598 4123 637 4183 ad
661 4123 741 4183 Her.
763 4121 800 4196 1,
827 4123 877 4183 11.
904 4122 955 4184 16.
1001 4124 1084 4186 Vide
1107 4123 1248 4210 Aequo
1277 4136 1316 4190 11
1344 4129 1459 4192 bono.

223 4219 428 4283 Bonorum
450 4214 672 4295 possessio.
705 4216 851 4279 Postulat
867 4236 884 4276 a
899 4227 1050 4297 praetore
1066 4217 1225 4294 Naevius,
1251 4233 1345 4285 ntcx
1360 4222 1461 4285 edicto

139 4315 237 4378 bona
267 4309 483 4393 possidere
506 4308 609 4372 liceat.
643 4330 705 4391 pro
728 4308 878 4388 Quinctio
902 4311 937 4384 6,
963 4311 1015 4374 15.
1040 4310 1084 4373 11.
1109 4312 1165 4388 19,
1188 4313 1362 4381 881189.

221 4404 422 4469 {donorum
449 4401 743 4486 possessionem
777 4402 870 4466 alicui
891 4406 956 4467 dat
977 4416 1122 4487 praetor.
1167 4406 1303 4493 Fragm.
1327 4430 1364 4493 p.
1387 4411 1458 4473 150.

224 4500 369 4563 Bonum
391 4518 539 4562 nomen.
584 4497 623 4560 ln
650 4497 808 4560 lustranda
829 4496 954 4561 colonia
974 4500 1013 4561 ab
1034 4519 1094 4574 eo,
1119 4499 1173 4583 qni
1187 4522 1255 4564 eam
1275 4504 1458 4577 deduceret,

140 4602 263 4655 11111111
287 4590 463 4673 imperator
487 4590 681 4667 exercitum,
716 4612 832 4654 censor
855 4593 1008 4673 populum
1039 4592 1208 4670 lustraret,
1243 4598 1367 4663 bonis
1398 4618 1460 4662 no·

142 4682 328 4760 minibus,
363 4684 416 4767 qui
444 4684 565 4749 hostias
591 4687 761 4761 ducerent,
791 4682 1003 4769 eligebantur.
1048 4685 1145 4766 Quod
1164 4687 1248 4753 idem
1276 4692 1308 4756 lu
1336 4694 1459 4757 delectu

141 4777 289 4845 eonsules
319 4778 510 4856 observant,
544 4790 580 4843 ut
606 4779 727 4862 primus
755 4780 843 4843 miles
869 4778 926 4844 liat
954 4782 1060 4849 bono
1088 4782 1246 4850 uouiue
1274 4786 1456 4867 (Valerius,
