<?xml version="1.0" encoding="UTF-8"?>
<!DOCTYPE html PUBLIC "-//W3C//DTD XHTML 1.0 Transitional//EN"
    "http://www.w3.org/TR/xhtml1/DTD/xhtml1-transitional.dtd">
<html xmlns="http://www.w3.org/1999/xhtml" xml:lang="en" lang="en">
 <head>
  <title>
</title>
<meta http-equiv="Content-Type" content="text/html;charset=utf-8" />
  <meta name='ocr-system' content='tesseract 3.04.00' />
  <meta name='ocr-capabilities' content='ocr_page ocr_carea ocr_par ocr_line ocrx_word'/>
</head>
<body>
  <div class='ocr_page' id='page_1' title='image "./operaquaesupers05halmgoog/operaquaesupers05halmgoog_0310.png"; bbox 0 0 3202 5318; ppageno 0'>
   <div class='ocr_carea' id='block_1_1' title="bbox 624 320 978 397">
    <p class='ocr_par' dir='ltr' id='par_1_1' title="bbox 624 320 978 397">
     <span class='ocr_line' id='line_1_1' title="bbox 624 320 978 397; baseline 0.008 -4"><span class='ocrx_word' id='word_1_1' title='bbox 624 320 776 397; x_wconf 78' lang='lat' dir='ltr'><strong>INDEX</strong></span> <span class='ocrx_word' id='word_1_2' title='bbox 795 322 978 396; x_wconf 79' lang='lat' dir='ltr'><strong>LEGUM.</strong></span> 
     </span>
    </p>
   </div>
   <div class='ocr_carea' id='block_1_2' title="bbox 553 494 1020 564">
    <p class='ocr_par' dir='ltr' id='par_1_2' title="bbox 553 494 1020 564">
     <span class='ocr_line' id='line_1_2' title="bbox 553 494 1020 564; baseline 0.002 -1"><span class='ocrx_word' id='word_1_3' title='bbox 553 494 753 563; x_wconf 69' lang='lat' dir='ltr'>&#39;Venerist</span> <span class='ocrx_word' id='word_1_4' title='bbox 776 509 807 563; x_wconf 91' lang='lat' dir='ltr'>et</span> <span class='ocrx_word' id='word_1_5' title='bbox 829 500 1020 564; x_wconf 76' lang='grc' dir='ltr'><strong>Ηοιιιιτιιιι.</strong></span> 
     </span>
    </p>
   </div>
   <div class='ocr_carea' id='block_1_3' title="bbox 788 638 813 696">
    <p class='ocr_par' dir='ltr' id='par_1_3' title="bbox 788 638 813 696">
     <span class='ocr_line' id='line_1_3' title="bbox 788 638 813 696; baseline -0.08 0"><span class='ocrx_word' id='word_1_6' title='bbox 788 638 813 696; x_wconf 91' lang='grc' dir='ltr'>Ι.</span> 
     </span>
    </p>
   </div>
   <div class='ocr_carea' id='block_1_4' title="bbox 133 753 1460 1402">
    <p class='ocr_par' dir='ltr' id='par_1_4' title="bbox 134 753 1460 1213">
     <span class='ocr_line' id='line_1_4' title="bbox 223 753 1457 838; baseline 0.005 -17"><span class='ocrx_word' id='word_1_7' title='bbox 223 754 315 829; x_wconf 87' lang='lat' dir='ltr'>,Per</span> <span class='ocrx_word' id='word_1_8' title='bbox 334 754 526 838; x_wconf 74' lang='lat' dir='ltr'>interregem</span> <span class='ocrx_word' id='word_1_9' title='bbox 547 753 658 817; x_wconf 88' lang='lat' dir='ltr'>deinde</span> <span class='ocrx_word' id='word_1_10' title='bbox 678 755 724 832; x_wconf 85' lang='lat' dir='ltr'>(a.</span> <span class='ocrx_word' id='word_1_11' title='bbox 742 774 774 815; x_wconf 96' lang='grc' dir='ltr'>ιι.</span> <span class='ocrx_word' id='word_1_12' title='bbox 797 774 827 815; x_wconf 90' lang='lat' dir='ltr'>c.</span> <span class='ocrx_word' id='word_1_13' title='bbox 851 753 942 833; x_wconf 76' lang='lat' dir='ltr'>tot.)</span> <span class='ocrx_word' id='word_1_14' title='bbox 964 754 1112 818; x_wconf 91' lang='lat' dir='ltr'>eonsules</span> <span class='ocrx_word' id='word_1_15' title='bbox 1127 757 1226 821; x_wconf 86' lang='lat' dir='ltr'>creati</span> <span class='ocrx_word' id='word_1_16' title='bbox 1239 762 1281 823; x_wconf 89' lang='lat' dir='ltr'>L.</span> <span class='ocrx_word' id='word_1_17' title='bbox 1300 764 1457 827; x_wconf 85' lang='lat' dir='ltr'>Valerius</span> 
     </span>
     <span class='ocr_line' id='line_1_5' title="bbox 134 846 1459 928; baseline 0.005 -13"><span class='ocrx_word' id='word_1_18' title='bbox 134 851 192 915; x_wconf 83' lang='lat' dir='ltr'>M.</span> <span class='ocrx_word' id='word_1_19' title='bbox 205 847 373 914; x_wconf 76' lang='lat' dir='ltr'>Horatius</span> <span class='ocrx_word' id='word_1_20' title='bbox 389 883 403 897; x_wconf 94' lang='lat'><strong>·</strong></span> <span class='ocrx_word' id='word_1_21' title='bbox 419 883 434 897; x_wconf 94' lang='lat'><strong>·</strong></span> <span class='ocrx_word' id='word_1_22' title='bbox 450 884 465 897; x_wconf 94' lang='lat'><em>-</em></span> <span class='ocrx_word' id='word_1_23' title='bbox 485 847 622 911; x_wconf 85' lang='lat' dir='ltr'>omniurn</span> <span class='ocrx_word' id='word_1_24' title='bbox 637 846 791 928; x_wconf 89' lang='lat' dir='ltr'>primum,</span> <span class='ocrx_word' id='word_1_25' title='bbox 816 867 885 908; x_wconf 91' lang='lat' dir='ltr'>cum</span> <span class='ocrx_word' id='word_1_26' title='bbox 900 847 996 911; x_wconf 85' lang='lat' dir='ltr'>veluti</span> <span class='ocrx_word' id='word_1_27' title='bbox 1011 847 1042 911; x_wconf 90' lang='lat' dir='ltr'>in</span> <span class='ocrx_word' id='word_1_28' title='bbox 1062 860 1274 917; x_wconf 83' lang='lat' dir='ltr'>controverso</span> <span class='ocrx_word' id='word_1_29' title='bbox 1289 853 1359 919; x_wconf 91' lang='lat' dir='ltr'>inre</span> <span class='ocrx_word' id='word_1_30' title='bbox 1375 867 1459 921; x_wconf 83' lang='lat' dir='ltr'>esset</span> 
     </span>
     <span class='ocr_line' id='line_1_6' title="bbox 135 939 1460 1025; baseline 0.005 -19"><span class='ocrx_word' id='word_1_31' title='bbox 135 952 360 1007; x_wconf 72' lang='lat' dir='ltr'>tenerenturne</span> <span class='ocrx_word' id='word_1_32' title='bbox 388 952 495 1023; x_wconf 87' lang='lat' dir='ltr'>patres</span> <span class='ocrx_word' id='word_1_33' title='bbox 526 939 716 1023; x_wconf 73' lang='lat' dir='ltr'>plebiscitis,</span> <span class='ocrx_word' id='word_1_34' title='bbox 753 940 857 1024; x_wconf 84' lang='lat' dir='ltr'>legem</span> <span class='ocrx_word' id='word_1_35' title='bbox 889 941 1071 1006; x_wconf 89' lang='lat' dir='ltr'>centuriatis</span> <span class='ocrx_word' id='word_1_36' title='bbox 1097 942 1236 1008; x_wconf 89' lang='lat' dir='ltr'>comitiis</span> <span class='ocrx_word' id='word_1_37' title='bbox 1267 947 1388 1025; x_wconf 87' lang='lat' dir='ltr'>tulere,</span> <span class='ocrx_word' id='word_1_38' title='bbox 1420 953 1460 1013; x_wconf 74' lang='lat' dir='ltr'>ul</span> 
     </span>
     <span class='ocr_line' id='line_1_7' title="bbox 134 1034 1459 1124; baseline 0.004 -24"><span class='ocrx_word' id='word_1_39' title='bbox 134 1036 229 1121; x_wconf 75' lang='lat' dir='ltr'>qaod</span> <span class='ocrx_word' id='word_1_40' title='bbox 248 1034 404 1099; x_wconf 81' lang='lat' dir='ltr'>tributim</span> <span class='ocrx_word' id='word_1_41' title='bbox 422 1036 537 1118; x_wconf 84' lang='lat' dir='ltr'>plebea</span> <span class='ocrx_word' id='word_1_42' title='bbox 558 1034 733 1108; x_wconf 81' lang='lat' dir='ltr'>iussisset,</span> <span class='ocrx_word' id='word_1_43' title='bbox 755 1037 921 1116; x_wconf 87' lang='lat' dir='ltr'>populum</span> <span class='ocrx_word' id='word_1_44' title='bbox 943 1047 1090 1108; x_wconf 58' lang='lat' dir='ltr'>tenerem</span> <span class='ocrx_word' id='word_1_45' title='bbox 1112 1059 1174 1120; x_wconf 89' lang='lat' dir='ltr'>qua</span> <span class='ocrx_word' id='word_1_46' title='bbox 1190 1036 1262 1124; x_wconf 78' lang='lat' dir='ltr'>lege</span> <span class='ocrx_word' id='word_1_47' title='bbox 1281 1038 1459 1106; x_wconf 89' lang='lat' dir='ltr'>tribuniciis</span> 
     </span>
     <span class='ocr_line' id='line_1_8' title="bbox 135 1126 1232 1213; baseline 0.003 -21"><span class='ocrx_word' id='word_1_48' title='bbox 135 1127 359 1213; x_wconf 75' lang='lat' dir='ltr'>rogationibus</span> <span class='ocrx_word' id='word_1_49' title='bbox 381 1126 476 1190; x_wconf 88' lang='lat' dir='ltr'>telum</span> <span class='ocrx_word' id='word_1_50' title='bbox 498 1126 684 1207; x_wconf 84' lang='lat' dir='ltr'>acerrimum</span> <span class='ocrx_word' id='word_1_51' title='bbox 708 1128 812 1190; x_wconf 88' lang='lat' dir='ltr'>datum</span> <span class='ocrx_word' id='word_1_52' title='bbox 835 1128 914 1192; x_wconf 83' lang='lat' dir='ltr'>est.&#39;&#39;</span> <span class='ocrx_word' id='word_1_53' title='bbox 949 1127 1025 1192; x_wconf 86' lang='lat' dir='ltr'>Lir.</span> <span class='ocrx_word' id='word_1_54' title='bbox 1050 1129 1116 1194; x_wconf 91' lang='lat'><em>111.</em></span> <span class='ocrx_word' id='word_1_55' title='bbox 1141 1131 1194 1196; x_wconf 89' lang='grc'>55.</span> <span class='ocrx_word' id='word_1_56' title='bbox 1224 1186 1232 1205; x_wconf 70' lang='lat'>,</span> 
     </span>
    </p>

    <p class='ocr_par' dir='ltr' id='par_1_5' title="bbox 133 1217 1460 1402">
     <span class='ocr_line' id='line_1_9' title="bbox 226 1217 1460 1311; baseline 0.009 -24"><span class='ocrx_word' id='word_1_57' title='bbox 226 1224 389 1308; x_wconf 78' lang='grc' dir='ltr'>Τιμωρίαι</span> <span class='ocrx_word' id='word_1_58' title='bbox 408 1225 443 1289; x_wconf 75' lang='grc' dir='ltr'>δὲ</span> <span class='ocrx_word' id='word_1_59' title='bbox 463 1226 671 1311; x_wconf 77' lang='grc' dir='ltr'>προσέκειντο</span> <span class='ocrx_word' id='word_1_60' title='bbox 693 1227 763 1297; x_wconf 77' lang='grc' dir='ltr'><em>τοῖς</em></span> <span class='ocrx_word' id='word_1_61' title='bbox 780 1217 1004 1289; x_wconf 76' lang='grc' dir='ltr'>καταλύουσιν</span> <span class='ocrx_word' id='word_1_62' title='bbox 1020 1250 1041 1303; x_wconf 89' lang='grc' dir='ltr'><em>η</em></span> <span class='ocrx_word' id='word_1_63' title='bbox 1062 1226 1308 1311; x_wconf 74' lang='grc' dir='ltr'>παραβαίνουσι</span> <span class='ocrx_word' id='word_1_64' title='bbox 1328 1225 1386 1296; x_wconf 80' lang='lat' dir='ltr'>uls</span> <span class='ocrx_word' id='word_1_65' title='bbox 1405 1225 1460 1298; x_wconf 78' lang='grc' dir='ltr'>νό-</span> 
     </span>
     <span class='ocr_line' id='line_1_10' title="bbox 133 1310 1458 1402; baseline 0.007 -22"><span class='ocrx_word' id='word_1_66' title='bbox 133 1339 215 1402; x_wconf 85' lang='grc' dir='ltr'><em>μον,</em></span> <span class='ocrx_word' id='word_1_67' title='bbox 227 1312 284 1383; x_wconf 76' lang='grc' dir='ltr'>ἐὰν</span> <span class='ocrx_word' id='word_1_68' title='bbox 294 1310 415 1396; x_wconf 77' lang='grc' dir='ltr'>ἁλῶσι,</span> <span class='ocrx_word' id='word_1_69' title='bbox 431 1313 587 1394; x_wconf 71' lang='grc' dir='ltr'><em>θάνατος</em></span> <span class='ocrx_word' id='word_1_70' title='bbox 596 1320 652 1381; x_wconf 79' lang='grc' dir='ltr'>καὶ</span> <span class='ocrx_word' id='word_1_71' title='bbox 666 1310 820 1401; x_wconf 72' lang='grc' dir='ltr'>δήμευσις</span> <span class='ocrx_word' id='word_1_72' title='bbox 834 1317 892 1397; x_wconf 81' lang='grc' dir='ltr'>τῆς</span> <span class='ocrx_word' id='word_1_73' title='bbox 906 1311 1030 1395; x_wconf 72' lang='grc' dir='ltr'>οὐσίας.</span> <span class='ocrx_word' id='word_1_74' title='bbox 1052 1317 1189 1400; x_wconf 87' lang='lat' dir='ltr'>Dionys.</span> <span class='ocrx_word' id='word_1_75' title='bbox 1206 1320 1315 1387; x_wconf 82' lang='lat' dir='ltr'>Helie.</span> <span class='ocrx_word' id='word_1_76' title='bbox 1325 1323 1390 1388; x_wconf 84' lang='lat' dir='ltr'>xl.</span> <span class='ocrx_word' id='word_1_77' title='bbox 1404 1324 1458 1389; x_wconf 76' lang='lat' dir='ltr'>lb.</span> 
     </span>
    </p>
   </div>
   <div class='ocr_carea' id='block_1_5' title="bbox 776 1473 883 1533">
    <p class='ocr_par' dir='ltr' id='par_1_6' title="bbox 776 1473 883 1533">
     <span class='ocr_line' id='line_1_11' title="bbox 776 1473 883 1533; baseline 0.019 -2"><span class='ocrx_word' id='word_1_78' title='bbox 776 1473 883 1533; x_wconf 90' lang='lat' dir='ltr'>ll..</span> 
     </span>
    </p>
   </div>
   <div class='ocr_carea' id='block_1_6' title="bbox 132 1597 1463 2339">
    <p class='ocr_par' dir='ltr' id='par_1_7' title="bbox 133 1597 1463 2063">
     <span class='ocr_line' id='line_1_12' title="bbox 223 1597 1458 1686; baseline 0.007 -25"><span class='ocrx_word' id='word_1_79' title='bbox 223 1597 353 1679; x_wconf 81' lang='lat' dir='ltr'>„Aliam</span> <span class='ocrx_word' id='word_1_80' title='bbox 373 1598 484 1661; x_wconf 81' lang='lat' dir='ltr'>deinde</span> <span class='ocrx_word' id='word_1_81' title='bbox 508 1597 707 1660; x_wconf 85' lang='lat' dir='ltr'>consularem</span> <span class='ocrx_word' id='word_1_82' title='bbox 730 1597 831 1683; x_wconf 83' lang='lat' dir='ltr'>legem</span> <span class='ocrx_word' id='word_1_83' title='bbox 855 1599 895 1661; x_wconf 86' lang='lat' dir='ltr'>de</span> <span class='ocrx_word' id='word_1_84' title='bbox 916 1598 1167 1681; x_wconf 84' lang='lat' dir='ltr'>provocatione,</span> <span class='ocrx_word' id='word_1_85' title='bbox 1193 1599 1317 1665; x_wconf 89' lang='lat' dir='ltr'>unicum</span> <span class='ocrx_word' id='word_1_86' title='bbox 1340 1604 1458 1686; x_wconf 84' lang='lat' dir='ltr'>praesi-</span> 
     </span>
     <span class='ocr_line' id='line_1_13' title="bbox 136 1690 1456 1778; baseline 0.008 -26"><span class='ocrx_word' id='word_1_87' title='bbox 136 1691 221 1755; x_wconf 81' lang='lat' dir='ltr'>dium</span> <span class='ocrx_word' id='word_1_88' title='bbox 245 1691 417 1764; x_wconf 79' lang='lat' dir='ltr'>libertatis,</span> <span class='ocrx_word' id='word_1_89' title='bbox 447 1690 649 1754; x_wconf 79' lang='lat' dir='ltr'>decemvirali</span> <span class='ocrx_word' id='word_1_90' title='bbox 680 1703 840 1773; x_wconf 84' lang='lat' dir='ltr'>potestate</span> <span class='ocrx_word' id='word_1_91' title='bbox 868 1712 1028 1767; x_wconf 85' lang='lat' dir='ltr'>eversam,</span> <span class='ocrx_word' id='word_1_92' title='bbox 1064 1714 1127 1757; x_wconf 91' lang='lat' dir='ltr'>non</span> <span class='ocrx_word' id='word_1_93' title='bbox 1154 1694 1321 1759; x_wconf 89' lang='lat' dir='ltr'>restituunt</span> <span class='ocrx_word' id='word_1_94' title='bbox 1348 1701 1456 1778; x_wconf 85' lang='lat' dir='ltr'>modo,</span> 
     </span>
     <span class='ocr_line' id='line_1_14' title="bbox 135 1783 1463 1876; baseline 0.007 -28"><span class='ocrx_word' id='word_1_95' title='bbox 135 1784 306 1848; x_wconf 81' lang='lat' dir='ltr'>sedetiam</span> <span class='ocrx_word' id='word_1_96' title='bbox 328 1785 360 1848; x_wconf 91' lang='lat' dir='ltr'>in</span> <span class='ocrx_word' id='word_1_97' title='bbox 382 1798 546 1868; x_wconf 87' lang='lat' dir='ltr'>posterum</span> <span class='ocrx_word' id='word_1_98' title='bbox 571 1783 713 1847; x_wconf 91' lang='lat' dir='ltr'>muniunt</span> <span class='ocrx_word' id='word_1_99' title='bbox 735 1787 904 1871; x_wconf 87' lang='lat' dir='ltr'>sanciendo</span> <span class='ocrx_word' id='word_1_100' title='bbox 923 1802 1036 1848; x_wconf 83' lang='lat' dir='ltr'>noram</span> <span class='ocrx_word' id='word_1_101' title='bbox 1058 1786 1178 1870; x_wconf 80' lang='lat' dir='ltr'>legem,</span> <span class='ocrx_word' id='word_1_102' title='bbox 1202 1809 1245 1853; x_wconf 89' lang='lat' dir='ltr'>ne</span> <span class='ocrx_word' id='word_1_103' title='bbox 1259 1791 1336 1876; x_wconf 77' lang='lat' dir='ltr'>quie</span> <span class='ocrx_word' id='word_1_104' title='bbox 1349 1795 1463 1857; x_wconf 69' lang='lat' dir='ltr'>adirem&#39;</span> 
     </span>
     <span class='ocr_line' id='line_1_15' title="bbox 134 1879 1457 1976; baseline 0.006 -34"><span class='ocrx_word' id='word_1_105' title='bbox 134 1879 381 1963; x_wconf 76' lang='lat' dir='ltr'>magistratum</span> <span class='ocrx_word' id='word_1_106' title='bbox 395 1880 469 1944; x_wconf 87' lang='lat' dir='ltr'>aine</span> <span class='ocrx_word' id='word_1_107' title='bbox 482 1879 724 1962; x_wconf 83' lang='lat' dir='ltr'>prouocatione</span> <span class='ocrx_word' id='word_1_108' title='bbox 737 1892 886 1943; x_wconf 81' lang='lat' dir='ltr'>crearet:</span> <span class='ocrx_word' id='word_1_109' title='bbox 907 1880 967 1965; x_wconf 80' lang='lat' dir='ltr'>qui</span> <span class='ocrx_word' id='word_1_110' title='bbox 977 1893 1145 1957; x_wconf 82' lang='lat' dir='ltr'>creasset,</span> <span class='ocrx_word' id='word_1_111' title='bbox 1169 1904 1247 1946; x_wconf 87' lang='lat' dir='ltr'>eum</span> <span class='ocrx_word' id='word_1_112' title='bbox 1257 1884 1313 1948; x_wconf 87' lang='lat' dir='ltr'>ius</span> <span class='ocrx_word' id='word_1_113' title='bbox 1317 1883 1457 1976; x_wconf 81' lang='lat' dir='ltr'>saepae</span> 
     </span>
     <span class='ocr_line' id='line_1_16' title="bbox 133 1972 1455 2063; baseline 0.005 -26"><span class='ocrx_word' id='word_1_114' title='bbox 133 1984 224 2037; x_wconf 76' lang='lat' dir='ltr'>earet</span> <span class='ocrx_word' id='word_1_115' title='bbox 243 1972 371 2048; x_wconf 76' lang='lat' dir='ltr'>occidi,</span> <span class='ocrx_word' id='word_1_116' title='bbox 395 1994 475 2036; x_wconf 85' lang='lat' dir='ltr'>neve</span> <span class='ocrx_word' id='word_1_117' title='bbox 490 1993 532 2036; x_wconf 88' lang='lat' dir='ltr'>ea</span> <span class='ocrx_word' id='word_1_118' title='bbox 545 1973 665 2035; x_wconf 81' lang='lat' dir='ltr'>caedes</span> <span class='ocrx_word' id='word_1_119' title='bbox 679 1974 837 2063; x_wconf 77' lang='lat' dir='ltr'>capitalis</span> <span class='ocrx_word' id='word_1_120' title='bbox 852 1995 967 2039; x_wconf 83' lang='lat' dir='ltr'>noerae</span> <span class='ocrx_word' id='word_1_121' title='bbox 981 1975 1200 2039; x_wconf 78' lang='lat' dir='ltr'>haberetur.&#39;&#39;</span> <span class='ocrx_word' id='word_1_122' title='bbox 1223 1977 1300 2041; x_wconf 82' lang='lat' dir='ltr'>Liv.</span> <span class='ocrx_word' id='word_1_123' title='bbox 1317 1979 1455 2045; x_wconf 64' lang='lat' dir='ltr'>luceo.</span> 
     </span>
    </p>

    <p class='ocr_par' dir='ltr' id='par_1_8' title="bbox 132 2066 1456 2339">
     <span class='ocr_line' id='line_1_17' title="bbox 222 2066 1456 2145; baseline 0.003 -13"><span class='ocrx_word' id='word_1_124' title='bbox 222 2068 347 2141; x_wconf 86' lang='lat' dir='ltr'>,Lucii</span> <span class='ocrx_word' id='word_1_125' title='bbox 371 2066 503 2132; x_wconf 87' lang='lat' dir='ltr'>Valerii</span> <span class='ocrx_word' id='word_1_126' title='bbox 524 2066 629 2131; x_wconf 84' lang='lat' dir='ltr'>Potiti</span> <span class='ocrx_word' id='word_1_127' title='bbox 652 2078 682 2129; x_wconf 86' lang='lat' dir='ltr'>et</span> <span class='ocrx_word' id='word_1_128' title='bbox 704 2070 759 2133; x_wconf 87' lang='lat' dir='ltr'>M.</span> <span class='ocrx_word' id='word_1_129' title='bbox 783 2067 925 2132; x_wconf 82' lang='lat' dir='ltr'>Horatii</span> <span class='ocrx_word' id='word_1_130' title='bbox 945 2068 1103 2145; x_wconf 83' lang='lat' dir='ltr'>Barbati,</span> <span class='ocrx_word' id='word_1_131' title='bbox 1136 2069 1296 2135; x_wconf 82' lang='lat' dir='ltr'>hominnm</span> <span class='ocrx_word' id='word_1_132' title='bbox 1319 2092 1456 2137; x_wconf 89' lang='lat' dir='ltr'>coneor-</span> 
     </span>
     <span class='ocr_line' id='line_1_18' title="bbox 134 2160 1456 2251; baseline 0.006 -28"><span class='ocrx_word' id='word_1_133' title='bbox 134 2160 205 2225; x_wconf 77' lang='lat' dir='ltr'>nise</span> <span class='ocrx_word' id='word_1_134' title='bbox 228 2181 321 2225; x_wconf 81' lang='lat' dir='ltr'>eattse</span> <span class='ocrx_word' id='word_1_135' title='bbox 340 2160 499 2243; x_wconf 83' lang='lat' dir='ltr'>sapienter</span> <span class='ocrx_word' id='word_1_136' title='bbox 517 2160 735 2243; x_wconf 81' lang='lat' dir='ltr'>popularium,</span> <span class='ocrx_word' id='word_1_137' title='bbox 759 2162 935 2224; x_wconf 83' lang='lat' dir='ltr'>eonsrrlaris</span> <span class='ocrx_word' id='word_1_138' title='bbox 965 2162 1017 2223; x_wconf 85' lang='lat' dir='ltr'>lex</span> <span class='ocrx_word' id='word_1_139' title='bbox 1040 2162 1164 2238; x_wconf 76' lang='lat' dir='ltr'>sanxit,</span> <span class='ocrx_word' id='word_1_140' title='bbox 1193 2185 1235 2226; x_wconf 88' lang='lat' dir='ltr'>ne</span> <span class='ocrx_word' id='word_1_141' title='bbox 1260 2165 1320 2248; x_wconf 81' lang='lat' dir='ltr'>qui</span> <span class='ocrx_word' id='word_1_142' title='bbox 1345 2167 1456 2251; x_wconf 76' lang='lat' dir='ltr'>mogi·</span> 
     </span>
     <span class='ocr_line' id='line_1_19' title="bbox 132 2254 1279 2339; baseline 0 -19"><span class='ocrx_word' id='word_1_143' title='bbox 132 2265 267 2320; x_wconf 71' lang='lat' dir='ltr'>urceus</span> <span class='ocrx_word' id='word_1_144' title='bbox 288 2255 362 2320; x_wconf 83' lang='lat' dir='ltr'>eine</span> <span class='ocrx_word' id='word_1_145' title='bbox 382 2254 624 2339; x_wconf 80' lang='lat' dir='ltr'>prouocatione</span> <span class='ocrx_word' id='word_1_146' title='bbox 645 2258 858 2318; x_wconf 77' lang='lat' dir='ltr'>crearetur.’&#39;</span> <span class='ocrx_word' id='word_1_147' title='bbox 902 2256 940 2318; x_wconf 88' lang='lat' dir='ltr'>de</span> <span class='ocrx_word' id='word_1_148' title='bbox 962 2256 1047 2339; x_wconf 87' lang='lat' dir='ltr'>Rep.</span> <span class='ocrx_word' id='word_1_149' title='bbox 1071 2256 1119 2320; x_wconf 90' lang='lat' dir='ltr'>ll.</span> <span class='ocrx_word' id='word_1_150' title='bbox 1143 2257 1200 2333; x_wconf 77' lang='lat'>51,</span> <span class='ocrx_word' id='word_1_151' title='bbox 1226 2259 1279 2321; x_wconf 74' lang='lat' dir='ltr'>bl.</span> 
     </span>
    </p>
   </div>
   <div class='ocr_carea' id='block_1_7' title="bbox 767 2412 821 2469">
    <p class='ocr_par' dir='ltr' id='par_1_9' title="bbox 767 2412 821 2469">
     <span class='ocr_line' id='line_1_20' title="bbox 767 2412 821 2469; baseline 0 -1"><span class='ocrx_word' id='word_1_152' title='bbox 767 2412 821 2469; x_wconf 90' lang='lat' dir='ltr'>lll.</span> 
     </span>
    </p>
   </div>
   <div class='ocr_carea' id='block_1_8' title="bbox 131 2534 1456 3185">
    <p class='ocr_par' dir='ltr' id='par_1_10' title="bbox 131 2534 1456 3185">
     <span class='ocr_line' id='line_1_21' title="bbox 219 2534 1454 2618; baseline 0.005 -20"><span class='ocrx_word' id='word_1_153' title='bbox 219 2536 288 2615; x_wconf 82' lang='lat' dir='ltr'>„Et</span> <span class='ocrx_word' id='word_1_154' title='bbox 314 2556 384 2598; x_wconf 89' lang='lat' dir='ltr'>eum</span> <span class='ocrx_word' id='word_1_155' title='bbox 412 2535 536 2617; x_wconf 79' lang='lat' dir='ltr'>plebem</span> <span class='ocrx_word' id='word_1_156' title='bbox 566 2535 637 2597; x_wconf 90' lang='lat' dir='ltr'>hine</span> <span class='ocrx_word' id='word_1_157' title='bbox 665 2534 899 2618; x_wconf 83' lang='lat' dir='ltr'>provocatione</span> <span class='ocrx_word' id='word_1_158' title='bbox 929 2535 1000 2597; x_wconf 90' lang='lat' dir='ltr'>hinc</span> <span class='ocrx_word' id='word_1_159' title='bbox 1028 2535 1198 2600; x_wconf 86' lang='lat' dir='ltr'>tribunicio</span> <span class='ocrx_word' id='word_1_160' title='bbox 1226 2538 1343 2604; x_wconf 73' lang='lat' dir='ltr'>anulio</span> <span class='ocrx_word' id='word_1_161' title='bbox 1377 2540 1454 2604; x_wconf 86' lang='lat' dir='ltr'>satie</span> 
     </span>
     <span class='ocr_line' id='line_1_22' title="bbox 132 2626 1456 2713; baseline 0.005 -21"><span class='ocrx_word' id='word_1_162' title='bbox 132 2626 329 2706; x_wconf 76' lang='lat' dir='ltr'>firmassent,</span> <span class='ocrx_word' id='word_1_163' title='bbox 354 2627 431 2711; x_wconf 88' lang='lat' dir='ltr'>ipsis</span> <span class='ocrx_word' id='word_1_164' title='bbox 454 2650 582 2713; x_wconf 71' lang='lat' dir='ltr'>quinque</span> <span class='ocrx_word' id='word_1_165' title='bbox 607 2627 763 2703; x_wconf 89' lang='lat' dir='ltr'>tribunis,</span> <span class='ocrx_word' id='word_1_166' title='bbox 790 2641 822 2690; x_wconf 89' lang='lat' dir='ltr'>nt</span> <span class='ocrx_word' id='word_1_167' title='bbox 848 2627 1043 2692; x_wconf 80' lang='lat' dir='ltr'>sacrosancti</span> <span class='ocrx_word' id='word_1_168' title='bbox 1070 2631 1267 2704; x_wconf 84' lang='lat' dir='ltr'>viderentur,</span> <span class='ocrx_word' id='word_1_169' title='bbox 1291 2633 1379 2697; x_wconf 89' lang='lat' dir='ltr'>cuius</span> <span class='ocrx_word' id='word_1_170' title='bbox 1407 2634 1456 2698; x_wconf 86' lang='lat' dir='ltr'>rei</span> 
     </span>
     <span class='ocr_line' id='line_1_23' title="bbox 131 2722 1455 2810; baseline 0.004 -24"><span class='ocrx_word' id='word_1_171' title='bbox 131 2742 239 2807; x_wconf 88' lang='lat' dir='ltr'>prope</span> <span class='ocrx_word' id='word_1_172' title='bbox 263 2723 324 2785; x_wconf 89' lang='lat' dir='ltr'>iam</span> <span class='ocrx_word' id='word_1_173' title='bbox 343 2723 494 2787; x_wconf 90' lang='lat' dir='ltr'>memoria</span> <span class='ocrx_word' id='word_1_174' title='bbox 515 2724 716 2796; x_wconf 77' lang='lat' dir='ltr'>aboleverat,</span> <span class='ocrx_word' id='word_1_175' title='bbox 739 2722 845 2785; x_wconf 88' lang='lat' dir='ltr'>relatis</span> <span class='ocrx_word' id='word_1_176' title='bbox 877 2722 1061 2806; x_wconf 88' lang='lat' dir='ltr'>quibusdam</span> <span class='ocrx_word' id='word_1_177' title='bbox 1084 2745 1125 2787; x_wconf 84' lang='lat' dir='ltr'>ex</span> <span class='ocrx_word' id='word_1_178' title='bbox 1151 2745 1267 2810; x_wconf 83' lang='lat' dir='ltr'>magno</span> <span class='ocrx_word' id='word_1_179' title='bbox 1288 2725 1455 2791; x_wconf 84' lang='lat' dir='ltr'>intervallo</span> 
     </span>
     <span class='ocr_line' id='line_1_24' title="bbox 132 2815 1455 2904; baseline 0.002 -23"><span class='ocrx_word' id='word_1_180' title='bbox 132 2816 321 2881; x_wconf 79' lang='lat' dir='ltr'>ceremoniis</span> <span class='ocrx_word' id='word_1_181' title='bbox 342 2828 557 2890; x_wconf 66' lang='lat' dir='ltr'>reuersurum</span> <span class='ocrx_word' id='word_1_182' title='bbox 581 2829 611 2880; x_wconf 86' lang='lat' dir='ltr'>et</span> <span class='ocrx_word' id='word_1_183' title='bbox 636 2838 707 2878; x_wconf 89' lang='lat' dir='ltr'>com</span> <span class='ocrx_word' id='word_1_184' title='bbox 730 2815 885 2900; x_wconf 83' lang='lat' dir='ltr'>religione</span> <span class='ocrx_word' id='word_1_185' title='bbox 908 2815 1081 2881; x_wconf 86' lang='lat' dir='ltr'>inviolatos</span> <span class='ocrx_word' id='word_1_186' title='bbox 1103 2838 1160 2882; x_wconf 90' lang='lat' dir='ltr'>eos</span> <span class='ocrx_word' id='word_1_187' title='bbox 1182 2826 1247 2882; x_wconf 89' lang='lat' dir='ltr'>tum</span> <span class='ocrx_word' id='word_1_188' title='bbox 1272 2819 1341 2904; x_wconf 78' lang='lat' dir='ltr'>lege</span> <span class='ocrx_word' id='word_1_189' title='bbox 1360 2819 1455 2884; x_wconf 86' lang='lat' dir='ltr'>etiem</span> 
     </span>
     <span class='ocr_line' id='line_1_25' title="bbox 132 2908 1455 2995; baseline 0.002 -21"><span class='ocrx_word' id='word_1_190' title='bbox 132 2908 298 2986; x_wconf 79' lang='lat' dir='ltr'>lecerunt,</span> <span class='ocrx_word' id='word_1_191' title='bbox 323 2910 494 2974; x_wconf 85' lang='lat' dir='ltr'>sanciendo</span> <span class='ocrx_word' id='word_1_192' title='bbox 515 2923 554 2973; x_wconf 81' lang='lat' dir='ltr'>ut</span> <span class='ocrx_word' id='word_1_193' title='bbox 575 2911 634 2995; x_wconf 81' lang='lat' dir='ltr'>qui</span> <span class='ocrx_word' id='word_1_194' title='bbox 651 2910 798 2973; x_wconf 84' lang='lat' dir='ltr'>tribunis</span> <span class='ocrx_word' id='word_1_195' title='bbox 818 2910 945 2993; x_wconf 84' lang='lat' dir='ltr'>plebis,</span> <span class='ocrx_word' id='word_1_196' title='bbox 968 2911 1154 2988; x_wconf 79' lang='lat' dir='ltr'>aedilibus,</span> <span class='ocrx_word' id='word_1_197' title='bbox 1184 2912 1368 2990; x_wconf 82' lang='lat' dir='ltr'>iudicibus,</span> <span class='ocrx_word' id='word_1_198' title='bbox 1397 2913 1455 2978; x_wconf 79' lang='lat' dir='ltr'>de·</span> 
     </span>
     <span class='ocr_line' id='line_1_26' title="bbox 131 3004 1455 3094; baseline 0.005 -29"><span class='ocrx_word' id='word_1_199' title='bbox 131 3004 290 3067; x_wconf 83' lang='lat' dir='ltr'>eemviris</span> <span class='ocrx_word' id='word_1_200' title='bbox 311 3005 500 3078; x_wconf 75' lang='lat' dir='ltr'>nocuisset,</span> <span class='ocrx_word' id='word_1_201' title='bbox 525 3006 598 3067; x_wconf 86' lang='lat' dir='ltr'>eius</span> <span class='ocrx_word' id='word_1_202' title='bbox 620 3015 722 3086; x_wconf 80' lang='lat' dir='ltr'>eaput</span> <span class='ocrx_word' id='word_1_203' title='bbox 744 3005 817 3068; x_wconf 85' lang='lat' dir='ltr'>Ioui</span> <span class='ocrx_word' id='word_1_204' title='bbox 832 3024 970 3067; x_wconf 86' lang='lat' dir='ltr'>sacrum</span> <span class='ocrx_word' id='word_1_205' title='bbox 991 3018 1093 3082; x_wconf 84' lang='lat' dir='ltr'>esset,</span> <span class='ocrx_word' id='word_1_206' title='bbox 1113 3005 1260 3094; x_wconf 85' lang='lat' dir='ltr'>familia</span> <span class='ocrx_word' id='word_1_207' title='bbox 1273 3009 1320 3071; x_wconf 78' lang='lat' dir='ltr'>ad</span> <span class='ocrx_word' id='word_1_208' title='bbox 1335 3009 1455 3073; x_wconf 82' lang='lat' dir='ltr'>aedem</span> 
     </span>
     <span class='ocr_line' id='line_1_27' title="bbox 133 3098 1454 3185; baseline 0.001 -22"><span class='ocrx_word' id='word_1_209' title='bbox 133 3098 271 3163; x_wconf 81' lang='lat' dir='ltr'>Cereris</span> <span class='ocrx_word' id='word_1_210' title='bbox 286 3098 405 3161; x_wconf 86' lang='lat' dir='ltr'>Liberi</span> <span class='ocrx_word' id='word_1_211' title='bbox 424 3100 632 3183; x_wconf 81' lang='lat' dir='ltr'>Liberaeque</span> <span class='ocrx_word' id='word_1_212' title='bbox 651 3121 770 3161; x_wconf 88' lang='lat' dir='ltr'>uenum</span> <span class='ocrx_word' id='word_1_213' title='bbox 786 3099 864 3162; x_wconf 83' lang='lat' dir='ltr'>iret.</span> <span class='ocrx_word' id='word_1_214' title='bbox 882 3136 895 3148; x_wconf 95' lang='lat'><em>-</em></span> <span class='ocrx_word' id='word_1_215' title='bbox 911 3135 925 3148; x_wconf 93' lang='lat'><strong>·</strong></span> <span class='ocrx_word' id='word_1_216' title='bbox 942 3134 954 3147; x_wconf 95' lang='lat'><strong>·</strong></span> <span class='ocrx_word' id='word_1_217' title='bbox 978 3099 1083 3161; x_wconf 85' lang='lat' dir='ltr'>Fuere</span> <span class='ocrx_word' id='word_1_218' title='bbox 1098 3099 1152 3185; x_wconf 89' lang='lat' dir='ltr'>qni</span> <span class='ocrx_word' id='word_1_219' title='bbox 1167 3101 1454 3184; x_wconf 87' lang='lat' dir='ltr'>interpretarentur</span> 
     </span>
    </p>
   </div>
   <div class='ocr_carea' id='block_1_9' title="bbox 131 3192 1451 3349">
    <p class='ocr_par' dir='ltr' id='par_1_11' title="bbox 131 3192 1451 3349">
     <span class='ocr_line' id='line_1_28' title="bbox 131 3192 1451 3349; baseline 0.006 -97"><span class='ocrx_word' id='word_1_220' title='bbox 131 3193 318 3349; x_wconf 46' lang='lat' dir='ltr'>gdemlplae</span> <span class='ocrx_word' id='word_1_221' title='bbox 328 3193 488 3349; x_wconf 68' lang='lat' dir='ltr'>5l5lorutiu</span> <span class='ocrx_word' id='word_1_222' title='bbox 507 3194 578 3279; x_wconf 84' lang='lat' dir='ltr'>lege</span> <span class='ocrx_word' id='word_1_223' title='bbox 596 3192 778 3257; x_wconf 85' lang='lat' dir='ltr'>consulibus</span> <span class='ocrx_word' id='word_1_224' title='bbox 794 3215 923 3278; x_wconf 86' lang='lat' dir='ltr'>quoque</span> <span class='ocrx_word' id='word_1_225' title='bbox 940 3203 970 3255; x_wconf 89' lang='lat' dir='ltr'>et</span> <span class='ocrx_word' id='word_1_226' title='bbox 989 3194 1190 3276; x_wconf 85' lang='lat' dir='ltr'>praetoribus</span> <span class='ocrx_word' id='word_1_227' title='bbox 1206 3207 1330 3259; x_wconf 82' lang='lat' dir='ltr'>casuum</span> <span class='ocrx_word' id='word_1_228' title='bbox 1349 3196 1451 3262; x_wconf 86' lang='lat' dir='ltr'>esse.&#39;&#39;</span> 
     </span>
     <span class='ocr_line' id='line_1_29' title="bbox 164 3306 381 3349; baseline 0 -1"><span class='ocrx_word' id='word_1_229' title='bbox 164 3306 211 3349; x_wconf 81' lang='lat' dir='ltr'>tv.</span> <span class='ocrx_word' id='word_1_230' title='bbox 294 3330 302 3346; x_wconf 91' lang='lat'>.</span> <span class='ocrx_word' id='word_1_231' title='bbox 372 3331 381 3348; x_wconf 92' lang='lat'><strong>.</strong></span> 
     </span>
    </p>
   </div>
   <div class='ocr_carea' id='block_1_10' title="bbox 412 3447 1173 3531">
    <p class='ocr_par' dir='ltr' id='par_1_12' title="bbox 412 3447 1173 3531">
     <span class='ocr_line' id='line_1_30' title="bbox 412 3447 1173 3531; baseline 0.008 -23"><span class='ocrx_word' id='word_1_232' title='bbox 412 3447 568 3508; x_wconf 75' lang='lat' dir='ltr'>Vunnnm</span> <span class='ocrx_word' id='word_1_233' title='bbox 591 3448 664 3528; x_wconf 87' lang='lat' dir='ltr'>(M.</span> <span class='ocrx_word' id='word_1_234' title='bbox 690 3448 836 3530; x_wconf 85' lang='lat' dir='ltr'>Valerii)</span> <span class='ocrx_word' id='word_1_235' title='bbox 858 3449 899 3511; x_wconf 80' lang='lat' dir='ltr'>de</span> <span class='ocrx_word' id='word_1_236' title='bbox 917 3447 1173 3531; x_wconf 83' lang='lat' dir='ltr'>provocatione.</span> 
     </span>
    </p>
   </div>
   <div class='ocr_carea' id='block_1_11' title="bbox 130 3534 1454 4500">
    <p class='ocr_par' dir='ltr' id='par_1_13' title="bbox 130 3534 1454 4500">
     <span class='ocr_line' id='line_1_31' title="bbox 221 3534 1454 3655; baseline 0.003 -24"><span class='ocrx_word' id='word_1_237' title='bbox 221 3569 298 3640; x_wconf 80' lang='lat' dir='ltr'>,M-</span> <span class='ocrx_word' id='word_1_238' title='bbox 323 3569 484 3633; x_wconf 85' lang='lat' dir='ltr'>Valerius</span> <span class='ocrx_word' id='word_1_239' title='bbox 507 3569 618 3633; x_wconf 75' lang='lat' dir='ltr'>conssul</span> <span class='ocrx_word' id='word_1_240' title='bbox 641 3572 684 3650; x_wconf 86' lang='lat' dir='ltr'>(a.</span> <span class='ocrx_word' id='word_1_241' title='bbox 707 3592 739 3632; x_wconf 94' lang='grc' dir='ltr'>ιι.</span> <span class='ocrx_word' id='word_1_242' title='bbox 764 3591 794 3632; x_wconf 86' lang='lat' dir='ltr'>e.</span> <span class='ocrx_word' id='word_1_243' title='bbox 818 3534 907 3648; x_wconf 69' lang='grc'><strong>553.)</strong></span> <span class='ocrx_word' id='word_1_244' title='bbox 929 3569 970 3633; x_wconf 80' lang='lat' dir='ltr'>de</span> <span class='ocrx_word' id='word_1_245' title='bbox 989 3571 1232 3653; x_wconf 82' lang='lat' dir='ltr'>prouocatione</span> <span class='ocrx_word' id='word_1_246' title='bbox 1254 3571 1354 3655; x_wconf 83' lang='lat' dir='ltr'>legem</span> <span class='ocrx_word' id='word_1_247' title='bbox 1382 3571 1454 3635; x_wconf 90' lang='lat' dir='ltr'>tulit</span> 
     </span>
     <span class='ocr_line' id='line_1_32' title="bbox 131 3659 1453 3747; baseline 0.002 -23"><span class='ocrx_word' id='word_1_248' title='bbox 131 3659 315 3746; x_wconf 77' lang='lat' dir='ltr'>diligentins</span> <span class='ocrx_word' id='word_1_249' title='bbox 336 3672 496 3726; x_wconf 85' lang='lat' dir='ltr'>sanctam.</span> <span class='ocrx_word' id='word_1_250' title='bbox 521 3662 613 3725; x_wconf 84' lang='lat' dir='ltr'>tertia</span> <span class='ocrx_word' id='word_1_251' title='bbox 636 3685 671 3726; x_wconf 88' lang='lat' dir='ltr'>ea</span> <span class='ocrx_word' id='word_1_252' title='bbox 694 3675 759 3724; x_wconf 92' lang='lat' dir='ltr'>tum</span> <span class='ocrx_word' id='word_1_253' title='bbox 783 3675 857 3743; x_wconf 89' lang='lat' dir='ltr'>post</span> <span class='ocrx_word' id='word_1_254' title='bbox 883 3683 976 3746; x_wconf 85' lang='lat' dir='ltr'>reges</span> <span class='ocrx_word' id='word_1_255' title='bbox 999 3676 1128 3727; x_wconf 79' lang='lat' dir='ltr'>exactos</span> <span class='ocrx_word' id='word_1_256' title='bbox 1151 3663 1212 3726; x_wconf 85' lang='lat' dir='ltr'>lata</span> <span class='ocrx_word' id='word_1_257' title='bbox 1239 3674 1305 3738; x_wconf 90' lang='lat' dir='ltr'>est,</span> <span class='ocrx_word' id='word_1_258' title='bbox 1328 3685 1453 3747; x_wconf 85' lang='lat' dir='ltr'>semper</span> 
     </span>
     <span class='ocr_line' id='line_1_33' title="bbox 130 3753 1453 3841; baseline 0.002 -23"><span class='ocrx_word' id='word_1_259' title='bbox 130 3777 150 3818; x_wconf 84' lang='lat' dir='ltr'>a</span> <span class='ocrx_word' id='word_1_260' title='bbox 164 3753 283 3820; x_wconf 76' lang='lat' dir='ltr'>familia</span> <span class='ocrx_word' id='word_1_261' title='bbox 296 3758 424 3820; x_wconf 86' lang='lat' dir='ltr'>eadem.</span> <span class='ocrx_word' id='word_1_262' title='bbox 449 3777 573 3818; x_wconf 81' lang='lat' dir='ltr'>eattsam</span> <span class='ocrx_word' id='word_1_263' title='bbox 591 3758 792 3820; x_wconf 83' lang='lat' dir='ltr'>renovandae</span> <span class='ocrx_word' id='word_1_264' title='bbox 808 3755 930 3838; x_wconf 90' lang='lat' dir='ltr'>saepius</span> <span class='ocrx_word' id='word_1_265' title='bbox 945 3758 1027 3818; x_wconf 88' lang='lat' dir='ltr'>baud</span> <span class='ocrx_word' id='word_1_266' title='bbox 1046 3756 1135 3819; x_wconf 86' lang='lat' dir='ltr'>aliam</span> <span class='ocrx_word' id='word_1_267' title='bbox 1153 3756 1250 3820; x_wconf 74' lang='lat' dir='ltr'>lusisse</span> <span class='ocrx_word' id='word_1_268' title='bbox 1268 3777 1345 3820; x_wconf 90' lang='lat' dir='ltr'>reor</span> <span class='ocrx_word' id='word_1_269' title='bbox 1359 3776 1453 3841; x_wconf 83' lang='lat' dir='ltr'>quam</span> 
     </span>
     <span class='ocr_line' id='line_1_34' title="bbox 131 3849 1453 3934; baseline 0.002 -22"><span class='ocrx_word' id='word_1_270' title='bbox 131 3850 221 3934; x_wconf 81' lang='lat' dir='ltr'>qtsod</span> <span class='ocrx_word' id='word_1_271' title='bbox 238 3851 308 3933; x_wconf 87' lang='lat' dir='ltr'>plns</span> <span class='ocrx_word' id='word_1_272' title='bbox 324 3872 497 3933; x_wconf 85' lang='lat' dir='ltr'>pancorum</span> <span class='ocrx_word' id='word_1_273' title='bbox 523 3872 601 3933; x_wconf 86' lang='lat' dir='ltr'>opes</span> <span class='ocrx_word' id='word_1_274' title='bbox 623 3872 715 3934; x_wconf 84' lang='lat' dir='ltr'>quam</span> <span class='ocrx_word' id='word_1_275' title='bbox 739 3849 868 3913; x_wconf 88' lang='lat' dir='ltr'>libertas</span> <span class='ocrx_word' id='word_1_276' title='bbox 889 3849 990 3930; x_wconf 87' lang='lat' dir='ltr'>plebis</span> <span class='ocrx_word' id='word_1_277' title='bbox 1012 3861 1173 3930; x_wconf 82' lang='lat' dir='ltr'>poteraut.</span> <span class='ocrx_word' id='word_1_278' title='bbox 1217 3850 1334 3915; x_wconf 87' lang='lat' dir='ltr'>Porcia</span> <span class='ocrx_word' id='word_1_279' title='bbox 1352 3863 1453 3914; x_wconf 86' lang='lat' dir='ltr'>tamen</span> 
     </span>
     <span class='ocr_line' id='line_1_35' title="bbox 130 3941 1453 4028; baseline -0.001 -20"><span class='ocrx_word' id='word_1_280' title='bbox 130 3945 185 4008; x_wconf 88' lang='lat' dir='ltr'>lex</span> <span class='ocrx_word' id='word_1_281' title='bbox 214 3944 282 4009; x_wconf 88' lang='lat' dir='ltr'>sola</span> <span class='ocrx_word' id='word_1_282' title='bbox 313 3966 374 4028; x_wconf 90' lang='lat' dir='ltr'>pro</span> <span class='ocrx_word' id='word_1_283' title='bbox 404 3957 499 4027; x_wconf 85' lang='lat' dir='ltr'>tergo</span> <span class='ocrx_word' id='word_1_284' title='bbox 526 3944 642 4007; x_wconf 84' lang='lat' dir='ltr'>civium</span> <span class='ocrx_word' id='word_1_285' title='bbox 671 3945 730 4006; x_wconf 85' lang='lat' dir='ltr'>lata</span> <span class='ocrx_word' id='word_1_286' title='bbox 765 3943 906 4018; x_wconf 81' lang='lat' dir='ltr'>videtur,</span> <span class='ocrx_word' id='word_1_287' title='bbox 941 3945 1029 4026; x_wconf 89' lang='lat' dir='ltr'>quod</span> <span class='ocrx_word' id='word_1_288' title='bbox 1057 3943 1150 4027; x_wconf 80' lang='lat' dir='ltr'>gnari</span> <span class='ocrx_word' id='word_1_289' title='bbox 1177 3964 1299 4024; x_wconf 88' lang='lat' dir='ltr'>poena,</span> <span class='ocrx_word' id='word_1_290' title='bbox 1333 3941 1453 4027; x_wconf 85' lang='lat' dir='ltr'>siquis</span> 
     </span>
     <span class='ocr_line' id='line_1_36' title="bbox 133 4036 1451 4111; baseline -0.001 -9"><span class='ocrx_word' id='word_1_291' title='bbox 133 4042 338 4104; x_wconf 83' lang='lat' dir='ltr'>verberasset</span> <span class='ocrx_word' id='word_1_292' title='bbox 362 4051 546 4103; x_wconf 83' lang='lat' dir='ltr'>necassetve</span> <span class='ocrx_word' id='word_1_293' title='bbox 561 4039 661 4101; x_wconf 84' lang='lat' dir='ltr'>civem</span> <span class='ocrx_word' id='word_1_294' title='bbox 682 4039 880 4111; x_wconf 84' lang='lat' dir='ltr'>Romanurn,</span> <span class='ocrx_word' id='word_1_295' title='bbox 907 4037 1021 4100; x_wconf 86' lang='lat' dir='ltr'>sanxit.</span> <span class='ocrx_word' id='word_1_296' title='bbox 1066 4036 1208 4102; x_wconf 87' lang='lat' dir='ltr'>Valeria</span> <span class='ocrx_word' id='word_1_297' title='bbox 1226 4036 1278 4099; x_wconf 86' lang='lat' dir='ltr'>lex</span> <span class='ocrx_word' id='word_1_298' title='bbox 1296 4056 1366 4100; x_wconf 83' lang='lat' dir='ltr'>curn</span> <span class='ocrx_word' id='word_1_299' title='bbox 1381 4056 1451 4101; x_wconf 88' lang='lat' dir='ltr'>eum</span> 
     </span>
     <span class='ocr_line' id='line_1_37' title="bbox 133 4128 1453 4217; baseline -0.001 -21"><span class='ocrx_word' id='word_1_300' title='bbox 133 4133 187 4216; x_wconf 81' lang='lat' dir='ltr'>qni</span> <span class='ocrx_word' id='word_1_301' title='bbox 210 4144 420 4216; x_wconf 83' lang='lat' dir='ltr'>prouocasset</span> <span class='ocrx_word' id='word_1_302' title='bbox 441 4132 542 4217; x_wconf 79' lang='lat' dir='ltr'>virgis</span> <span class='ocrx_word' id='word_1_303' title='bbox 565 4135 654 4195; x_wconf 89' lang='lat' dir='ltr'>caedi</span> <span class='ocrx_word' id='word_1_304' title='bbox 672 4130 838 4212; x_wconf 78' lang='lat' dir='ltr'>sectarique</span> <span class='ocrx_word' id='word_1_305' title='bbox 854 4130 959 4194; x_wconf 83' lang='lat' dir='ltr'>necari</span> <span class='ocrx_word' id='word_1_306' title='bbox 982 4128 1151 4205; x_wconf 84' lang='lat' dir='ltr'>vetuisset,</span> <span class='ocrx_word' id='word_1_307' title='bbox 1173 4129 1200 4193; x_wconf 90' lang='lat' dir='ltr'>si</span> <span class='ocrx_word' id='word_1_308' title='bbox 1215 4128 1286 4211; x_wconf 89' lang='lat' dir='ltr'>quis</span> <span class='ocrx_word' id='word_1_309' title='bbox 1300 4131 1453 4195; x_wconf 83' lang='lat' dir='ltr'>adversus</span> 
     </span>
     <span class='ocr_line' id='line_1_38' title="bbox 132 4221 1453 4310; baseline 0 -20"><span class='ocrx_word' id='word_1_310' title='bbox 132 4247 170 4290; x_wconf 91' lang='lat' dir='ltr'>ea</span> <span class='ocrx_word' id='word_1_311' title='bbox 189 4225 336 4302; x_wconf 85' lang='lat' dir='ltr'>lecisset,</span> <span class='ocrx_word' id='word_1_312' title='bbox 361 4226 438 4290; x_wconf 70' lang='lat' dir='ltr'>nillil</span> <span class='ocrx_word' id='word_1_313' title='bbox 454 4228 536 4290; x_wconf 83' lang='lat' dir='ltr'>ultra</span> <span class='ocrx_word' id='word_1_314' title='bbox 554 4249 645 4310; x_wconf 87' lang='lat' dir='ltr'>quam</span> <span class='ocrx_word' id='word_1_315' title='bbox 663 4224 809 4307; x_wconf 89' lang='lat' dir='ltr'>improbe</span> <span class='ocrx_word' id='word_1_316' title='bbox 826 4223 944 4288; x_wconf 85' lang='lat' dir='ltr'>laetum</span> <span class='ocrx_word' id='word_1_317' title='bbox 961 4224 1092 4288; x_wconf 83' lang='lat' dir='ltr'>adiecit.</span> <span class='ocrx_word' id='word_1_318' title='bbox 1114 4224 1165 4299; x_wconf 80' lang='lat' dir='ltr'>it,</span> <span class='ocrx_word' id='word_1_319' title='bbox 1189 4221 1245 4306; x_wconf 84' lang='lat' dir='ltr'>qui</span> <span class='ocrx_word' id='word_1_320' title='bbox 1265 4233 1329 4286; x_wconf 88' lang='lat' dir='ltr'>tum</span> <span class='ocrx_word' id='word_1_321' title='bbox 1347 4228 1453 4305; x_wconf 88' lang='lat' dir='ltr'>pudor</span> 
     </span>
     <span class='ocr_line' id='line_1_39' title="bbox 133 4316 1453 4399; baseline -0.001 -16"><span class='ocrx_word' id='word_1_322' title='bbox 133 4321 296 4385; x_wconf 91' lang='lat' dir='ltr'>hominum</span> <span class='ocrx_word' id='word_1_323' title='bbox 318 4333 404 4396; x_wconf 88' lang='lat' dir='ltr'>erat,</span> <span class='ocrx_word' id='word_1_324' title='bbox 430 4321 550 4395; x_wconf 89' lang='lat' dir='ltr'>visum,</span> <span class='ocrx_word' id='word_1_325' title='bbox 575 4322 690 4395; x_wconf 87' lang='lat' dir='ltr'>eredo,</span> <span class='ocrx_word' id='word_1_326' title='bbox 715 4318 872 4382; x_wconf 86' lang='lat' dir='ltr'>vinculum</span> <span class='ocrx_word' id='word_1_327' title='bbox 897 4320 971 4381; x_wconf 85' lang='lat' dir='ltr'>satis</span> <span class='ocrx_word' id='word_1_328' title='bbox 996 4318 1133 4381; x_wconf 83' lang='lat' dir='ltr'>validum</span> <span class='ocrx_word' id='word_1_329' title='bbox 1158 4316 1257 4399; x_wconf 80' lang='lat' dir='ltr'>legis.</span> <span class='ocrx_word' id='word_1_330' title='bbox 1290 4338 1373 4380; x_wconf 92' lang='lat' dir='ltr'>nune</span> <span class='ocrx_word' id='word_1_331' title='bbox 1396 4318 1453 4382; x_wconf 81' lang='lat' dir='ltr'>nix</span> 
     </span>
     <span class='ocr_line' id='line_1_40' title="bbox 133 4412 905 4500; baseline 0 -24"><span class='ocrx_word' id='word_1_332' title='bbox 133 4414 219 4477; x_wconf 90' lang='lat' dir='ltr'>serio</span> <span class='ocrx_word' id='word_1_333' title='bbox 242 4415 284 4477; x_wconf 85' lang='lat' dir='ltr'>ita</span> <span class='ocrx_word' id='word_1_334' title='bbox 309 4415 444 4479; x_wconf 88' lang='lat' dir='ltr'>minetur</span> <span class='ocrx_word' id='word_1_335' title='bbox 465 4413 662 4500; x_wconf 86' lang='lat' dir='ltr'>quisquam.’&#39;</span> <span class='ocrx_word' id='word_1_336' title='bbox 707 4412 782 4476; x_wconf 84' lang='lat' dir='ltr'>Liv.</span> <span class='ocrx_word' id='word_1_337' title='bbox 804 4413 850 4475; x_wconf 87' lang='lat' dir='ltr'>X.</span> <span class='ocrx_word' id='word_1_338' title='bbox 873 4413 905 4476; x_wconf 81' lang='lat'>9.</span> 
     </span>
    </p>
   </div>
   <div class='ocr_carea' id='block_1_12' title="bbox 154 4570 1454 4778">
    <p class='ocr_par' dir='ltr' id='par_1_14' title="bbox 154 4570 1454 4778">
     <span class='ocr_line' id='line_1_41' title="bbox 154 4570 1403 4654; baseline -0.002 -15"><span class='ocrx_word' id='word_1_339' title='bbox 154 4575 336 4639; x_wconf 75' lang='lat' dir='ltr'>-Vunnnru</span> <span class='ocrx_word' id='word_1_340' title='bbox 359 4573 557 4637; x_wconf 79' lang='lat' dir='ltr'>decivitate</span> <span class='ocrx_word' id='word_1_341' title='bbox 578 4571 860 4647; x_wconf 85' lang='lat' dir='ltr'>Formianorum,</span> <span class='ocrx_word' id='word_1_342' title='bbox 883 4570 1146 4645; x_wconf 82' lang='lat' dir='ltr'>Fundanorum,</span> <span class='ocrx_word' id='word_1_343' title='bbox 1168 4571 1403 4654; x_wconf 83' lang='lat' dir='ltr'>Arpinatium.</span> 
     </span>
     <span class='ocr_line' id='line_1_42' title="bbox 222 4691 1454 4778; baseline 0 -17"><span class='ocrx_word' id='word_1_344' title='bbox 222 4696 298 4777; x_wconf 87' lang='lat' dir='ltr'>„De</span> <span class='ocrx_word' id='word_1_345' title='bbox 316 4695 493 4759; x_wconf 85' lang='lat' dir='ltr'>Formianis</span> <span class='ocrx_word' id='word_1_346' title='bbox 509 4694 730 4778; x_wconf 78' lang='lat' dir='ltr'>Fundanisque</span> <span class='ocrx_word' id='word_1_347' title='bbox 746 4691 954 4774; x_wconf 84' lang='lat' dir='ltr'>municipibus</span> <span class='ocrx_word' id='word_1_348' title='bbox 969 4703 1000 4755; x_wconf 90' lang='lat' dir='ltr'>et</span> <span class='ocrx_word' id='word_1_349' title='bbox 1017 4691 1229 4775; x_wconf 80' lang='lat' dir='ltr'>Arpinatibus</span> <span class='ocrx_word' id='word_1_350' title='bbox 1239 4695 1279 4760; x_wconf 84' lang='lat' dir='ltr'>G.</span> <span class='ocrx_word' id='word_1_351' title='bbox 1293 4695 1454 4761; x_wconf 81' lang='lat' dir='ltr'>Valeriae</span> 
     </span>
    </p>
   </div>
   <div class='ocr_carea' id='block_1_13' title="bbox 136 4784 1452 4934">
    <p class='ocr_par' dir='ltr' id='par_1_15' title="bbox 136 4784 1452 4934">
     <span class='ocr_line' id='line_1_43' title="bbox 136 4784 1452 4934; baseline -0.002 -77"><span class='ocrx_word' id='word_1_352' title='bbox 136 4794 263 4876; x_wconf 76' lang='lat' dir='ltr'>Tappo</span> <span class='ocrx_word' id='word_1_353' title='bbox 284 4788 429 4853; x_wconf 84' lang='lat' dir='ltr'>tribunus</span> <span class='ocrx_word' id='word_1_354' title='bbox 450 4788 552 4873; x_wconf 86' lang='lat' dir='ltr'>plebis</span> <span class='ocrx_word' id='word_1_355' title='bbox 574 4793 618 4870; x_wconf 87' lang='lat' dir='ltr'>(a.</span> <span class='ocrx_word' id='word_1_356' title='bbox 642 4811 677 4854; x_wconf 89' lang='grc' dir='ltr'><strong>ιι.-</strong></span> <span class='ocrx_word' id='word_1_357' title='bbox 697 4810 728 4852; x_wconf 90' lang='lat' dir='ltr'>e.</span> <span class='ocrx_word' id='word_1_358' title='bbox 752 4787 839 4868; x_wconf 89' lang='grc'><strong>565.)</strong></span> <span class='ocrx_word' id='word_1_359' title='bbox 861 4785 1078 4872; x_wconf 71' lang='lat' dir='ltr'>promulgarit</span> <span class='ocrx_word' id='word_1_360' title='bbox 1099 4798 1133 4851; x_wconf 87' lang='lat' dir='ltr'>nt</span> <span class='ocrx_word' id='word_1_361' title='bbox 1154 4784 1192 4852; x_wconf 89' lang='lat' dir='ltr'>iis</span> <span class='ocrx_word' id='word_1_362' title='bbox 1213 4787 1357 4934; x_wconf 54' lang='lat' dir='ltr'>sullpa’gii</span> <span class='ocrx_word' id='word_1_363' title='bbox 1377 4789 1452 4855; x_wconf 83' lang='lat' dir='ltr'>latio</span> 
     </span>
    </p>
   </div>
   <div class='ocr_carea' id='block_1_14' title="bbox 207 4888 473 4935">
    <p class='ocr_par' dir='ltr' id='par_1_16' title="bbox 207 4888 473 4935">
     <span class='ocr_line' id='line_1_44' title="bbox 207 4888 473 4935; baseline -0.004 0"><span class='ocrx_word' id='word_1_364' title='bbox 207 4889 335 4935; x_wconf 77' lang='lat' dir='ltr'>onomast.</span> <span class='ocrx_word' id='word_1_365' title='bbox 355 4889 408 4934; x_wconf 84' lang='lat' dir='ltr'>Cir.</span> <span class='ocrx_word' id='word_1_366' title='bbox 428 4888 473 4934; x_wconf 87' lang='grc' dir='ltr'><strong>ΙΙΙ.</strong></span> 
     </span>
    </p>
   </div>
   <div class='ocr_carea' id='block_1_15' title="bbox 0 0 1606 5318">
    <p class='ocr_par' dir='ltr' id='par_1_17' title="bbox 0 0 1606 5318">
     <span class='ocr_line' id='line_1_45' title="bbox 0 0 1606 5318; baseline 0 1"><span class='ocrx_word' id='word_1_367' title='bbox 0 0 1606 5318; x_wconf 95' lang='lat' dir='ltr'> </span> 
     </span>
    </p>
   </div>
  </div>
 </body>
</html>
