3204 5296
385 346 389 363 '
503 344 935 423 (immo-LATINUS.
1332 340 1374 406 tt

52 495 141 561 lecit.
177 495 325 576 Dicitur,
349 464 612 584 quemadmcdrnm
633 498 905 583 μεταρρυθμίζειν
921 495 960 555 de
980 486 1108 563 statuis,
1132 505 1214 571 quiae
1230 480 1262 547 iu
1282 480 1375 545 aliam

51 592 166 657 taciem
189 604 369 669 mutantur,
393 605 428 656 ut
442 592 552 670 alium,
578 615 670 676 quam
690 602 797 667 autea,
821 588 975 653 reserant.
992 586 1031 649 de
1053 602 1118 668 qtto
1140 578 1207 643 rid.
1231 575 1373 643 casaub.

52 688 89 749 ad
111 678 253 751 Sueten.
276 687 391 751 Tibur.
418 710 448 753 c.
473 689 523 755 78.
567 688 655 753 Eun.
1377 746 1384 759 ,

136 785 337 866 Μείλιγμα,
361 782 594 848 lenimentum.
639 830 654 856 ,,
663 780 773 865 Atque
788 777 881 843 etiam
897 794 1037 851 vereor,
1060 791 1102 834 ue
1115 778 1206 852 putet
1221 765 1376 846 (Caesar)
1439 782 1443 793 ’

51 897 102 939 me
132 877 201 939 boc
224 876 316 961 qsrasi
349 875 482 942 Catonis
509 883 665 961 μείλιγμα
693 896 762 938 esse
790 871 976 937 voluisse-’⁹
1027 868 1066 931 ad
1093 866 1166 931 Art.
1189 861 1292 927 XIII.
1315 858 1356 923 tt
1365 882 1382 934 ι’

52 976 84 1034 1.
106 968 248 1036 Catonis
262 979 419 1057 μείλιγμα
438 984 503 1049 est,
527 973 615 1054 quod
639 970 733 1048 facit,
758 981 792 1033 ut
815 967 964 1034 Caesaris
986 965 1162 1051 indignatio
1184 979 1223 1027 tr
1243 959 1378 1028 Cicero·

52 1064 101 1128 uis
120 1064 270 1143 Catone,
294 1067 328 1129 h.
353 1088 383 1130 e.
408 1065 492 1131 libro
514 1068 553 1130 de
579 1066 725 1129 laudibus
751 1063 887 1130 Catonis
912 1061 1092 1137 Uticensis,
1116 1072 1272 1143 concepta
1296 1053 1379 1120 miti·

54 1170 153 1244 gelus·
175 1171 209 1224 et
232 1160 383 1225 leniatur.
429 1160 484 1224 Sic
495 1160 664 1246 Longinus
685 1159 849 1244 eleganter
865 1165 1062 1245 μειλίγματα
1075 1154 1325 1240 hyperbolarnm
1347 1160 1380 1213 et

56 1255 201 1319 omnium
215 1255 379 1319 audacium
398 1254 593 1320 locutionum
618 1266 715 1319 vocat
736 1255 911 1337 particulas
926 1253 995 1318 illas
1013 1263 1045 1316 et
1065 1251 1237 1325 formulas,
1259 1245 1378 1336 qssuai,

54 1361 257 1435 twedam,
286 1361 326 1414 ut
352 1350 404 1414 ito
428 1349 554 1425 dicum,
577 1359 640 1412 cet.
664 1360 737 1436 τιερλ
763 1349 882 1430 ὕψους,
927 1348 1015 1411 Sect.
1038 1346 1193 1412 XXXII.
1216 1345 1249 1408 3.
1280 1343 1381 1429 ΕΜ.

142 1447 383 1529 Μελαγχολία,
404 1456 485 1507 otro
505 1443 600 1520 bilis,
611 1442 744 1535 fatcor.
790 1442 934 1525 „Gracci
956 1453 1058 1505 antem
1078 1448 1203 1526 μανίαν
1224 1438 1309 1502 uude
1327 1456 1383 1520 ap·

55 1537 200 1621 pellent,
223 1560 290 1604 uon
311 1538 405 1603 facile
427 1538 578 1602 dixer-ima
603 1558 671 1601 eam
700 1549 804 1601 tamen
826 1537 925 1621 ipsam
949 1535 1171 1623 distinguimus
1193 1554 1253 1599 nos
1272 1530 1383 1596 melitis

56 1654 153 1718 qnam
175 1632 236 1699 illi.
287 1634 384 1697 Hanc
405 1633 486 1695 cuins
508 1632 679 1709 insaniam,
711 1653 793 1717 quae
813 1632 918 1696 intucta
938 1629 1090 1695 stultitiae
1108 1638 1198 1713 patet
1218 1625 1334 1700 latins,
1363 1643 1382 1686 a

54 1726 171 1792 tutore
192 1726 415 1810 disiungisnns.
439 1727 556 1792 Graeci
572 1726 685 1791 rolsnnt
701 1725 748 1790 illi
765 1726 911 1813 quidem,
936 1727 991 1790 sed
1009 1745 1122 1808 parurn
1141 1724 1248 1787 valent
1265 1721 1381 1783 verbo.

55 1820 162 1902 Quem
184 1842 247 1887 uos
255 1820 451 1914 fluorem,
474 1827 697 1905 μελαγχολίαν
717 1820 763 1884 illi
786 1832 922 1887 vocant:
947 1820 1138 1904 quasivero
1161 1830 1229 1883 etna
1251 1815 1308 1881 bili
1327 1834 1383 1878 so·

55 1914 119 1978 lam
141 1936 296 1979 mensae
316 1936 383 1980 uon
403 1936 500 1998 saepe
525 1916 577 1979 vel
605 1915 767 1979 iracundia
794 1914 947 2001 gratim
975 1914 1026 1977 vel
1051 1912 1167 1978 timore
1191 1912 1246 1976 vel
1269 1910 1384 1976 dolore

56 2010 270 2074 moveatur.'’
316 2013 415 2075 Tusc.
434 2012 501 2077 111.
525 2013 561 2089 5,
586 2012 639 2075 11.

138 2108 292 2184 Μελέτη,
316 2105 512 2180 meditatio,
535 2126 639 2182 cura,
656 2104 875 2169 exercitatio.
919 2105 1054 2187 ,ltaque
1070 2103 1268 2168 admirabere
1283 2121 1383 2165 meam

57 2200 248 2282 βαθύτητα,
281 2221 352 2263 cum
375 2199 456 2262 salvi
480 2199 683 2263 redierimus:
714 2209 801 2262 tauta
823 2198 899 2263 mibi
922 2206 1036 2284 μελέτη
1057 2197 1150 2262 buius
1179 2194 1307 2262 virtutis
1329 2198 1384 2259 da·

59 2293 158 2358 tur.'’
204 2297 246 2358 ad
267 2293 340 2357 An.
363 2295 411 2357 V.
436 2296 495 2370 10,
520 2294 552 2359 3.
1216 2288 1221 2294 ”

140 2389 316 2468 Melicas,
345 2409 452 2452 curce
479 2387 559 2452 erit.
609 2392 649 2453 ad
671 2390 744 2455 Ast.
767 2390 851 2455 XII.
874 2388 912 2467 3,
941 2390 974 2453 2.
998 2425 1039 2437 -
1083 2388 1122 2451 ad
1142 2388 1216 2452 An.
1236 2386 1319 2452 XV.
1343 2386 1383 2462 1,
1446 2428 1449 2435 ,

62 2485 91 2548 7.
112 2518 160 2531 -
202 2485 244 2545 ad
265 2485 338 2547 nn.
361 2483 459 2548 XIV.
482 2486 541 2559 17,
567 2483 599 2547 3.

142 2581 296 2664 Μέμφιν
329 2579 514 2665 ἀναφέρει,
543 2579 798 2644 accusationem
827 2578 986 2642 intendit.
1042 2575 1200 2662 Tigellius
1232 2583 1386 2664 ,μέμψιν

63 2679 227 2759 ἀναφέρει
249 2670 325 2735 mibi
346 2673 499 2758 quandam
522 2672 766 2758 iniquissimam,
791 2695 840 2737 me
862 2674 1022 2739 Phameae
1044 2670 1201 2748 defuisse,
1226 2691 1298 2734 cum
1319 2671 1386 2733 eius

63 2789 188 2832 causam
210 2767 443 2849 recepissem.”
487 2768 526 2828 ad
548 2767 619 2830 Att.
646 2768 748 2832 XIII.
768 2770 826 2846 19,
851 2774 884 2833 1.

141 2867 307 2945 Menoec,
338 2861 572 2943 reprehensio.
632 2863 772 2946 „Neque
800 2876 918 2948 potero
950 2870 1078 2949 μέμψιν
1110 2858 1298 2945 elingere.''
1347 2858 1388 2920 ad

62 2958 130 3020 Ast.
155 2956 262 3019 ΧΙΙΙ.
287 2955 345 3030 tt,
371 2957 403 3017 t.

141 3053 302 3136 Μέντορ,
333 3055 399 3126 πῶς
415 3053 438 3115 τ’
464 3051 518 3137 ἄρ’
538 3057 593 3128 ἴω,
619 3057 684 3128 πῶς
703 3057 727 3118 τ’
750 3056 794 3138 cio
817 3054 1065 3141 προσπτύξομαι
1084 3052 1208 3122 aderint
1229 3051 1385 3120 Mentor,

62 3166 213 3230 quonam
240 3145 343 3208 modo
371 3145 495 3208 adeam
520 3158 554 3208 et
582 3169 732 3231 quonam
762 3149 865 3213 modo
896 3148 1123 3232 amplexabor
1151 3142 1295 3230 ipsunt,⁹
1348 3141 1388 3204 ad

63 3243 130 3304 Att.
157 3240 225 3304 IX.
248 3242 287 3314 8,
312 3239 345 3301 2.
370 3260 411 3301 ex
433 3240 571 3303 Homeri
594 3243 713 3322 Odyss.
737 3272 769 3326 γ.
795 3245 846 3306 22.

145 3334 434 3417 Μεσοποταμίαν,
461 3338 767 3418 Mesopotamiam.
792 3339 831 3399 ad
853 3338 923 3402 An.
946 3338 1011 3400 IX.
1037 3339 1094 3411 11,
1121 3337 1152 3398 1.

146 3428 324 3507 Μεσότης,
354 3429 521 3504 medium,
553 3431 731 3494 medietas.
783 3431 933 3506 „Deinde
960 3430 1094 3495 instituit
1123 3431 1216 3514 dupla
1239 3441 1270 3494 et
1292 3426 1389 3510 tripla
1484 3500 1488 3509 Ι

63 3524 232 3587 intervalla
255 3523 406 3603 explere,
430 3535 537 3604 partes
560 3546 670 3588 rsrrsus
693 3546 732 3588 ex
754 3537 826 3591 toto
854 3529 1028 3589 desecans:
1062 3548 1139 3612 qsaas
1156 3524 1328 3590 intervallis
1344 3520 1389 3584 ita

64 3619 212 3692 locabat,
237 3628 273 3678 ut
294 3616 326 3678 in
351 3616 483 3701 siugulis
507 3630 613 3681 essent
635 3618 709 3683 biun
730 3621 851 3683 media:
885 3621 942 3683 vix
964 3620 1046 3683 enim
1069 3624 1171 3685 audeo
1194 3620 1301 3683 dicere
1322 3637 1389 3679 me-

65 3714 222 3786 dietates,
246 3731 327 3794 quas
355 3710 472 3774 Graeci
499 3713 681 3796 μεσότητας
703 3715 876 3797 appellant.
886 3715 904 3742 '’
949 3718 1035 3780 Tim.
1061 3719 1092 3782 7.

146 3808 234 3871 Μετ’
259 3805 436 3889 ἀμύμονα,
454 3819 535 3890 post
556 3810 750 3891 egregium.
777 3857 792 3883 ,,
804 3810 848 3872 Et
868 3810 933 3886 ais,
956 3816 1021 3897 μετ’
1041 3812 1207 3898 α’μύμονα.
1242 3812 1293 3874 Tu
1310 3826 1389 3870 vcro

64 3901 214 3986 ἀμύμων.
259 3899 319 3962 Ille
351 3899 478 3982 quaidem
513 3901 719 3989 ἄμβροτος.”
768 3907 808 3966 ad
834 3902 903 3969 Att.
930 3904 1029 3970 XVI.
1058 3908 1097 3983 5,
1132 3910 1163 3974 5.
1205 3902 1391 3988 Respicitur

63 3997 152 4061 Iliad.
183 4003 219 4078 β.
248 3993 323 4058 671.
354 3994 409 4058 ubi
436 3995 557 4060 Nireus
584 3997 834 4062 formosissimus
857 3998 975 4063 dicitur
996 4007 1062 4087 μετ’
1084 4002 1241 4088 ἀμύμονα
1267 4003 1392 4080 Πηλεί-

63 4118 146 4166 ωνα,
171 4092 209 4152 b.
234 4110 265 4153 e.
287 4098 370 4172 post
390 4090 556 4153 Achillem
575 4094 771 4175 pulchrum.
816 4092 944 4159 Atticus
967 4097 1047 4160 enim
1068 4097 1243 4181 scripserat
1265 4094 1392 4160 Corne·

63 4187 136 4249 lium
170 4186 339 4267 Nepotem
372 4207 442 4250 esse
476 4186 629 4269 optimum
667 4189 856 4271 scriptorem
888 4193 955 4274 μετ’
990 4193 1147 4277 ἀμύμονα
1175 4214 1223 4256 se.
1256 4189 1391 4255 Cicero·

65 4301 143 4344 nens.
191 4281 279 4343 Ean.

141 4378 347 4460 Μετίωρος,
370 4373 494 4437 incerti
518 4386 552 4439 et
579 4375 674 4438 dubii
702 4379 828 4457 animi,
863 4380 1025 4464 ancipitis
1047 4404 1166 4446 curae.
1211 4383 1309 4458 „Nou
1332 4400 1391 4445 ero

69 4482 119 4531 tatu
144 4481 313 4554 μετέωρος
341 4489 435 4552 qnam
463 4469 495 4531 in
527 4469 691 4552 Appuleio
720 4472 806 4535 suist
851 4478 891 4535 nd
913 4474 985 4539 Ata.
1006 4477 1052 4540 V.
1078 4479 1137 4553 11,
1163 4478 1195 4541 6.
1218 4508 1260 4520 -
1302 4476 1390 4559 „His

69 4562 174 4626 litteris
197 4562 331 4645 scriptis
352 4584 403 4626 nne
430 4565 472 4625 ad
497 4566 660 4643 συντάξεις
682 4567 770 4630 dedi:
806 4589 888 4653 quae
911 4568 1037 4654 quidem
1058 4592 1177 4635 vereor
1199 4591 1238 4634 nc
1263 4569 1392 4634 miniata

74 4658 168 4722 cerula
188 4668 245 4721 tua
264 4656 411 4740 pluribus
430 4657 509 4722 locis
528 4662 686 4722 notandae
704 4659 787 4724 sint:
812 4663 854 4726 ita
876 4684 945 4727 sum
963 4677 1121 4754 μετέωρος
1143 4677 1176 4729 et
1196 4665 1318 4752 magnis
1333 4682 1392 4729 co·

76 4751 278 4836 gitaliombus
299 4750 513 4834 impeditus.'’
556 4757 596 4816 ad
616 4757 688 4818 Ast.
711 4754 793 4818 XV.
818 4758 858 4820 11
866 4801 876 4835 ,
901 4759 935 4821 1.

149 4847 428 4936 Μετεωρότερον,
457 4848 675 4932 nupensiore
698 4849 828 4916 animo.
861 4852 1116 4935 „Existimabam
1138 4856 1313 4941 (Brutum)
1333 4885 1391 4944 με.
