3202 5318
170 346 233 437 us
267 295 270 299 ἢ
566 338 1089 408 1unnxronuueauou.

256 487 311 550 Ne
341 483 430 568 quis
460 482 725 568 magistratus
759 483 883 544 civem
917 482 1135 546 Romanum
1164 490 1229 543 cet.
1266 480 1309 544 P.
1339 480 1497 546 Valerius

172 580 339 645 Publicola
364 579 473 662 legem
486 579 525 639 ad
544 578 700 659 populum
718 577 789 639 tulit
815 598 901 651 eam,
926 597 1006 659 quae
1030 574 1210 639 centuriatis
1233 574 1371 637 comitiis
1391 575 1498 659 prima

172 677 316 748 latacst,
341 672 491 756 nequis
515 670 773 755 magistratus
797 670 923 733 civem
949 671 1162 733 Romanum
1185 670 1384 731 adversus
1407 688 1499 751 pro·

172 766 428 831 vocationem
452 776 617 827 necaret
640 785 735 827 neve
760 767 1009 826 verberaret.
1034 766 1073 826 de
1095 764 1181 845 Rep.
1205 764 1242 835 2,
1266 762 1326 838 31,
1352 761 1410 825 53.

255 861 313 924 Ne
333 859 485 923 referri
508 879 608 921 neve
630 857 709 920 dici
732 859 893 933 liceret,
916 857 1115 942 caputlegis
1141 859 1181 921 P.
1206 855 1328 921 Clodii.
1359 859 1402 919 ad
1423 859 1497 920 An.

171 954 287 1029 3,15,
312 955 344 1016 6.

255 1044 1495 1130 116661666116666161666666616166.66Η66666.116ψ.27,69.

254 1142 313 1205 No
335 1151 566 1221 suanptuosa
589 1140 810 1222 respersio.
855 1141 940 1204 Vide
964 1138 1121 1202 Homini
1150 1149 1323 1202 mortuo.

253 1236 313 1299 Ne
334 1234 456 1297 tollat
477 1255 523 1296 ex
545 1255 632 1295 area
657 1234 730 1296 uisi
753 1234 832 1296 crit
852 1245 1008 1315 paetus.
1041 1234 1140 1309 Verr.
1164 1232 1222 1295 lib.
1245 1232 1282 1307 3,
1308 1234 1370 1306 11,
1396 1232 1456 1296 37.

255 1331 364 1393 Neve
387 1349 521 1417 aurum
545 1328 693 1391 addito.
737 1328 821 1391 Vide
844 1327 1005 1390 Homini
1029 1337 1199 1390 mortuo.

255 1423 612 1504 Nexun13qsaodper
637 1420 747 1483 libram
775 1421 893 1506 agitur.
918 1423 956 1482 dc
981 1420 1073 1485 Orat.
1098 1420 1134 1495 3,
1160 1421 1218 1496 10,
1243 1419 1316 1484 159.
1346 1443 1387 1465 ⁴-
1412 1419 1495 1486 Vide

170 1518 260 1582 lure
280 1517 446 1599 optimo.

252 1611 401 1673 Nexum
424 1609 561 1671 civile.
586 1611 625 1672 de
646 1610 731 1691 Rep.
754 1611 790 1683 1,
818 1611 874 1684 17,
899 1609 952 1672 27.
975 1645 1012 1655 -
1044 1611 1186 1691 Propter
1212 1608 1301 1670 unius
1327 1606 1492 1672 libidinem

170 1701 273 1767 omnia
289 1723 385 1765 nexa
406 1702 545 1764 civium
560 1703 693 1764 liberata
711 1702 944 1787 nectierque
959 1701 1104 1765 desitum.
1133 1694 1216 1764 Ibid.
1235 1702 1291 1764 lib.
1310 1702 1349 1779 2,
1367 1703 1425 1780 31,
1439 1704 1491 1768 59.

253 1796 406 1860 Nexus.
450 1794 774 1877 VideMancipia.

253 1889 301 1954 Ni
331 1891 524 1952 adversus
553 1889 720 1951 edictum
750 1889 958 1971 praetoris
990 1889 1051 1953 vis
1073 1888 1179 1953 lacta
1203 1900 1325 1953 esset.
1358 1911 1426 1973 pro
1449 1892 1493 1955 Α.

144 1983 307 2051 Caecina
331 1984 389 2056 16,
414 1983 468 2045 15.

186 2160 191 2171 ·
252 2078 301 2141 Ni
331 2075 453 2139 furtis
484 2087 691 2160 quaestum
721 2077 892 2139 laceret.
937 2076 1124 2159 sponsionis
1143 2077 1294 2142 formula.
1327 2080 1434 2146 Verr.
1456 2080 1493 2155 5,

168 2172 233 2249 bd,
259 2173 333 2233 111.

135 2254 138 2259 ’
241 2263 363 2328 Nihil
387 2283 523 2326 moror
546 2285 603 2326 eos
626 2264 732 2328 salvos
755 2285 822 2328 esse
845 2277 938 2350 atque
959 2264 1020 2328 ire
1042 2286 1121 2349 quo
1144 2265 1309 2329 iubetis.
1345 2266 1492 2352 Philipp.

171 2359 231 2434 13,
256 2360 313 2432 17,
338 2357 391 2420 35.

247 2451 296 2516 Ni
318 2449 585 2533 teApronius
607 2451 643 2523 in
665 2452 841 2515 decumis
864 2451 1014 2515 socium
1038 2474 1125 2516 esse
1147 2452 1267 2516 dieat.
1298 2454 1490 2536 sponsionis

168 2544 323 2611 formula.
353 2544 455 2607 Vere.
479 2544 516 2620 3,
543 2545 601 2622 59,
627 2547 699 2611 135.

252 2641 303 2705 Ni
325 2638 539 2701 virbonus
562 2651 681 2703 esset.
715 2641 844 2705 deOff.
869 2640 988 2714 3,19,
1014 2643 1066 2702 77.
1584 2604 1589 2663 Ι

254 2735 404 2797 Nomen
427 2731 586 2794 deferre
610 2733 755 2797 alicuius.
780 2755 840 2816 pro
864 2736 986 2797 Scauro
1010 2734 1048 2809 2,
1073 2735 1126 2798 23.

254 2827 405 2888 Nomen
421 2827 508 2909 quod
523 2837 634 2909 urget,
653 2849 723 2889 eum
740 2829 857 2909 petitur
873 2829 1115 2892 dissolvere.
1138 2850 1200 2911 pro
1214 2830 1350 2895 Plancio
1366 2833 1423 2911 28,
1439 2836 1490 2898 68.
1583 2862 1587 2877 ·

256 2919 406 2983 Nomen
429 2920 549 2982 ferre.
595 2919 676 2984 Cum
701 2922 823 2984 Basilus
849 2923 900 2985 M.
929 2920 1084 2998 Satrium,
1116 2924 1240 2986 sororis
1268 2925 1395 3003 lilium,
1431 2951 1491 2993 oo·

170 3031 256 3076 meu
279 3033 368 3076 snum
388 3011 498 3075 icere
522 3014 673 3076 voluisset
696 3035 829 3098 eumque
851 3014 1023 3078 fecisset
1045 3019 1234 3079 heredem
1258 3030 1322 3082 cet.
1358 3023 1400 3085 de
1423 3023 1489 3087 Oli.

171 3106 292 3182 3,18,
318 3106 371 3168 71.

255 3201 407 3264 Nomen
429 3199 486 3262 rei
508 3200 708 3283 recipcre.
753 3203 855 3264 Verr.
881 3203 1000 3266 Aecus.
1025 3206 1063 3278 2,
1086 3206 1144 3283 38,
1169 3208 1223 3270 91.

256 3293 484 3358 Nominare.
529 3295 614 3357 Vide
638 3298 851 3360 Honestas.
896 3301 1069 3362 Honos:
1578 3220 1589 3441 l

255 3389 342 3452 Nou
365 3387 506 3471 liquet.
537 3408 597 3470 pro
621 3387 770 3452 Cluentio
796 3390 851 3465 28,
878 3393 929 3455 76.

256 3483 343 3545 Non
371 3480 563 3565 redigam.
610 3480 691 3546 Cum
718 3503 820 3567 aequo
849 3507 980 3551 numero
1006 3489 1178 3553 sententiae
1202 3490 1359 3567 16166661,
1393 3493 1488 3557 Late·

172 3572 272 3640 remis
292 3576 453 3657 (praetor)
475 3575 564 3659 leges
585 3574 738 3658 ignoraus
760 3580 994 3658 pronuntiavit,
1020 3582 1096 3666 quid
1117 3583 1237 3667 singuli
1260 3584 1394 3650 ordines
1414 3585 1487 3650 indi·

151 3678 317 3747 ,censente
340 3678 372 3730 et
391 3671 430 3731 ad
447 3681 642 3745 extremum,
666 3681 701 3732 ut
724 3671 848 3734 solent:
872 3675 961 3736 Nou
984 3677 1177 3762 redigam.
1200 3679 1240 3740 ad
1261 3679 1402 3758 Fama,
1416 3681 1449 3757 8,
1458 3680 1487 3742 3.

257 3763 385 3827 Notat
401 3783 517 3827 censor
535 3763 656 3840 civem,
673 3765 944 3843 subscribens,
961 3771 1038 3853 quid
1053 3771 1236 3856 deliquerit,
1252 3773 1489 3839 adscribens

175 3858 268 3922 etiam
288 3856 347 3920 alia
369 3861 534 3941 quaedam.
568 3860 606 3921 de
628 3858 707 3922 Div.
732 3860 767 3933 1,
793 3862 848 3936 16,
874 3862 926 3926 29.

259 3951 509 4016 Notationes
531 3952 708 4015 censoriae.
731 3974 793 4035 pro
812 3953 963 4021 Cluentio
985 3959 1043 4035 dd,
1069 3958 1142 4022 128.

260 4045 425 4109 Naxiae.
459 4066 521 4129 pro
545 4047 580 4108 S.
604 4046 705 4110 Rosc.
729 4048 805 4111 Am.
830 4048 887 4125 22,
912 4051 983 4115 62..

260 4140 360 4204 Num
382 4138 563 4224 quidnam
585 4139 699 4204 novi?
731 4143 769 4205 de
793 4144 886 4207 Orat.
910 4145 945 4222 2,
970 4146 1006 4223 3,
1031 4148 1084 4211 13.

262 4232 484 4299 Nuntiatio.
528 4232 613 4297 Vide
636 4235 816 4317 Spectio.

262 4326 454 4391 Nuntium
482 4326 692 4392 remittere
720 4330 840 4393 uxori
865 4331 897 4394 iu
919 4333 1059 4415 repudiis
1080 4333 1148 4399 sive
1170 4337 1421 4406 renuntiatione.
1453 4342 1490 4403 ad

179 4422 250 4487 Au.
276 4423 332 4499 11,
354 4420 414 4497 23,
437 4422 470 4485 3.
492 4457 533 4468 -
554 4421 638 4486 Vide
661 4421 906 4489 concubina.
951 4427 1193 4495 Divertiunn.

262 4516 454 4597 Nuptiae.
496 4515 583 4580 Vide
606 4517 805 4600 Arrspices
828 4521 1071 4601 nuptiarum.
1103 4559 1142 4572 -—
1172 4521 1429 4593 Concubiur.
1451 4556 1488 4572 ·-

181 4610 286 4671 Tuas
307 4629 370 4672 res
392 4608 465 4675 tibi
487 4611 649 4674 habeto.

218 4710 224 4721 “
263 4700 527 4775 obnuntiatio
549 4705 737 4770 dirarum.
767 4707 999 4783 1161116161,
1024 4711 1081 4788 16,
1106 4711 1159 4776 29.
1202 4711 1279 4781 cn.
1301 4716 1487 4783 Pulsebiun

179 4795 210 4860 16
231 4793 355 4862 Valerii
376 4792 510 4859 Catonis
530 4796 630 4860 Diris.
661 4800 768 4862 ‘lenae
792 4800 885 4865 1828.
907 4822 940 4884 p.
964 4804 981 4865 7
1003 4824 1096 4890 seqq.

1555 4886 1576 5262 l
