3202 5318
587 388 739 458 lNDEX
759 390 943 459 LEGUM.
1405 398 1468 469 tts

136 554 239 621 paene
262 530 447 611 finitimum,
473 485 648 615 splendore
665 532 856 617 municipum
876 532 1156 599 honestissimum?
1178 536 1264 601 lliue
1285 537 1466 620 Voconiae,

132 628 214 695 'hine
227 627 402 696 &atiniae
417 627 483 708 (alii
499 627 658 711 Atiniae)
672 629 777 713 leges;
800 629 874 692 hinc
888 628 1005 693 miritae
1019 629 1116 693 sellae
1138 633 1266 696 curules
1288 642 1320 696 et
1342 646 1467 717 petrum

135 723 292 789 anemoria
316 735 348 787 et
371 735 499 801 nostru
521 720 597 786 hinc
614 722 738 810 equites
756 721 893 789 Romani
910 722 1075 788 lautissimi
1091 735 1123 788 et
1141 725 1304 809 plurimi.”
1327 727 1469 814 Philipp.

136 816 207 885 111.
231 818 270 896 6,
295 819 329 882 5.

383 979 549 1042 Scantius
570 1000 598 1042 s.
620 980 807 1043 Scaurrure
829 979 871 1043 de
893 976 1051 1070 nefanda
1074 982 1219 1047 Venere.

221 1098 374 1182 ‚Quibus
395 1122 466 1164 cirin
489 1120 600 1182 parum
627 1104 838 1183 procederet,
863 1111 898 1164 ut
920 1100 982 1165 ulla
1008 1102 1079 1185 lege
1103 1100 1177 1165 mihi
1199 1115 1357 1186 ponerent
1376 1118 1471 1169 accu-

133 1205 299 1272 satorem,
322 1193 511 1278 compellari
531 1214 567 1257 ea
591 1195 665 1280 lege
694 1215 742 1258 me
765 1195 955 1272 voluerunt,
981 1217 1043 1281 qua
1075 1195 1180 1258 dicere
1209 1191 1275 1261 non
1297 1208 1468 1279 poterants

133 1287 375 1356 insolentissimi
401 1290 544 1355 homines
575 1287 701 1353 summis
725 1287 933 1355 Circensibus
961 1289 1045 1353 ludis
1069 1288 1147 1354 meis
1171 1291 1393 1373 postulandum
1420 1312 1469 1356 me

133 1382 210 1473 lege
232 1383 414 1451 &meista
434 1393 560 1448 currant.
604 1384 673 1446 Vix
696 1385 760 1449 hoc
778 1390 849 1446 erat
863 1383 947 1447 Pola
967 1383 1133 1459 elocutus,
1157 1405 1227 1448 cum
1243 1404 1309 1472 ego
1329 1387 1469 1470 Appium

134 1498 306 1546 censorem
335 1481 444 1542 eadem
471 1478 543 1563 lege
573 1477 770 1561 postulavi.''
815 1475 961 1555 Caelius,
991 1480 1031 1541 ad
1052 1478 1143 1542 Fam.
1167 1477 1267 1546 vlll.
1291 1482 1350 1557 13,
1375 1480 1406 1546 3.
1428 1517 1470 1531 -

133 1570 285 1649 „Corre,
314 1592 375 1658 per
399 1574 477 1637 deos
504 1584 599 1658 atque
623 1573 784 1648 homiues,
818 1583 850 1636 et
872 1593 965 1657 quam
987 1571 1124 1655 primum
1150 1575 1228 1637 haec
1249 1573 1352 1638 visum
1375 1574 1468 1640 veui:

131 1665 220 1754 legis
246 1666 445 1733 &mentae
471 1666 620 1730 iudicium
649 1669 733 1749 apud
762 1666 903 1731 Drusum
935 1666 1024 1743 lieri,
1061 1667 1203 1752 Appium
1232 1671 1272 1733 de
1299 1668 1415 1734 tabulis
1437 1680 1470 1733 et

132 1759 239 1849 signis
261 1759 392 1847 agere.'’
437 1759 583 1837 Caelius,
609 1762 648 1824 sd
670 1758 761 1826 Fam.
785 1762 886 1826 Vlll.
911 1762 969 1839 lt,
995 1765 1027 1825 4.

222 1855 308 1920 Lata
331 1867 413 1920 esta
429 1854 584 1922 Scotiuio
600 1855 731 1920 tribuno
747 1857 850 1939 plebis
866 1878 949 1921 anuo
965 1855 1053 1920 urhis
1069 1856 1198 1921 dubium
1214 1876 1280 1942 quo
1298 1856 1335 1921 itt
1351 1858 1471 1922 molles

132 1963 168 2016 et
188 1946 429 2041 effeminatos,
461 1949 521 2036 qui
549 1946 707 2040 effando
738 1953 869 2018 Venere
895 1963 1092 2027 uterentur,
1126 1952 1159 2016 h.
1189 1973 1220 2016 e.
1243 1962 1297 2015 aut
1318 1950 1380 2036 ipsi
1401 1972 1470 2015 sou·

131 2043 253 2111 liehria
271 2055 458 2130 paterentur
472 2055 527 2108 aut
544 2043 652 2125 pueris
670 2046 731 2108 vim
749 2043 912 2122 lacerent,
937 2046 1053 2132 quibus
1071 2065 1206 2127 poenam
1224 2046 1332 2109 decem
1353 2044 1469 2109 milium

134 2160 308 2206 nnnornm
326 2141 498 2204 statuebat.
523 2136 595 2222 [Cf.
612 2138 747 2220 Quintil.
762 2140 870 2203 Instit.
888 2141 981 2206 Orat.
997 2139 1064 2204 IV.
1081 2140 1114 2217 2,
1133 2141 1173 2206 69
1188 2151 1220 2202 et
1234 2139 1321 2203 Vll.
1344 2141 1379 2215 l,
1404 2138 1472 2220 42]

134 2234 192 2300 Ex
212 2230 384 2315 Ciceronis
406 2235 481 2298 loco
503 2232 647 2316 Philipp.
672 2233 738 2297 lll.
761 2234 792 2299 6.
815 2234 855 2317 [si
878 2236 975 2299 modo
998 2253 1075 2297 vera
1098 2245 1147 2296 est
1168 2232 1265 2298 lectio
1280 2229 1469 2311 Scotinine]

134 2328 327 2414 intelligitur
350 2326 566 2412 legislatorem
582 2326 746 2391 Aricinum
763 2327 874 2392 luisse.
919 2329 998 2392 Vid.
1014 2329 1106 2411 plura
1122 2349 1175 2410 ap.
1193 2327 1334 2392 Gravin.
1351 2326 1470 2412 origg.

135 2422 209 2491 lor.
229 2421 275 2490 R.
297 2443 334 2506 p.
357 2423 432 2487 133.
461 2425 515 2485 ed.
545 2441 624 2494 nov.
650 2421 795 2504 inprimis
818 2420 993 2487 Christiurn
1016 2423 1062 2486 V.
1085 2419 1158 2486 Cel.
1182 2422 1222 2485 de
1242 2421 1336 2506 Lege
1366 2418 1470 2484 Scati-
1529 2462 1538 2477 .

135 2517 214 2583 nia:
244 2516 327 2584 Enu.

223 2611 278 2675 Ex
300 2609 513 2693 scriptoribus
535 2608 673 2694 antiquis
697 2631 764 2673 eam
785 2621 911 2694 praeter
933 2608 1125 2675 Ciceronem
1147 2618 1396 2674 commemorant
1416 2607 1472 2672 lu·

136 2702 264 2771 venalia
279 2704 348 2770 Sat.
372 2704 421 2769 11.
446 2706 499 2769 ll.
541 2701 713 2768 Suetonius
728 2703 915 2770 Domitiano
930 2705 964 2768 8.
981 2703 1198 2769 Tertullianus
1213 2704 1253 2768 de
1267 2702 1471 2789 monogamia

137 2798 194 2866 17.
227 2798 393 2866 Ausonius
416 2798 521 2884 epigr.
545 2799 603 2875 88,
629 2800 661 2862 l.
699 2799 895 2864 Prudentius
917 2799 1165 2882 peristephanon
1188 2798 1235 2862 X.
1258 2796 1334 2862 703.
1379 2798 1472 2864 lion·

138 2892 219 2959 nnlli
239 2895 323 2958 hanc
345 2895 446 2980 legem
467 2912 583 2957 nomen
604 2893 724 2957 habere
747 2915 764 2956 a
786 2896 822 2960 0.
844 2893 1023 2959 Scantinio
1045 2892 1240 2977 Capitolino
1261 2891 1470 2968 arbitrantur,

137 2989 190 3052 cni
217 2989 271 3052 M.
303 2986 457 3053 Claudius
486 2988 662 3050 Marcellus
692 2987 802 3051 aedilis
834 2992 878 3068 (a.
902 3010 936 3052 n.
960 3011 989 3052 c.
1014 2989 1100 3067 527.)
1131 2987 1213 3050 diem
1246 2987 1285 3050 ad
1316 2986 1471 3068 populum

138 3081 235 3161 dixit,
259 3086 346 3169 quod
365 3082 463 3145 lilium
482 3104 571 3145 suum
592 3084 630 3145 ‹le
646 3094 759 3164 stupro
778 3084 981 3166 appellasset.
1025 3082 1104 3146 Vid.
1128 3081 1294 3146 Plutarchi
1315 3081 1471 3145 Marcell.

136 3199 170 3241 c.
194 3176 227 3241 7.
262 3178 377 3240 Valer.
401 3178 498 3241 Max.
522 3177 587 3239 Vl.
612 3181 649 3251 1,
674 3181 706 3241 7.
752 3178 848 3258 Quod
870 3178 896 3241 si
918 3178 963 3241 ita
985 3198 1019 3242 se
1040 3198 1094 3240 res
1114 3177 1227 3252 hahet,
1262 3174 1305 3239 ait
1334 3175 1471 3261 Pighius

138 3272 230 3335 Ano.
254 3271 353 3336 Rom.
378 3272 420 3334 T.
444 3270 494 3335 11.
518 3293 550 3351 p.
574 3274 670 3348 117.,
701 3271 752 3335 vel
776 3272 847 3357 quin
869 3271 991 3355 primus
1019 3272 1081 3335 suit
1098 3270 1167 3353 ipse
1197 3271 1241 3335 ob
1264 3271 1329 3336 hoc
1350 3270 1470 3334 crimen

138 3367 323 3442 damnatus,
348 3364 393 3428 sie
416 3364 574 3449 appellata
598 3365 743 3429 videtur:
768 3369 817 3431 vel
834 3389 963 3432 necesse
979 3378 1043 3443 est,
1068 3377 1102 3429 ut
1118 3377 1190 3429 ante
1203 3364 1350 3428 tribunus
1365 3356 1471 3446 plebis
1489 3436 1492 3441 ⁸

137 3461 270 3524 eandem
292 3459 399 3524 tulerit
421 3460 556 3544 legeque
579 3480 635 3522 sua
659 3462 821 3524 damnatus
841 3461 953 3524 luerit.
1000 3462 1097 3541 ercd
1114 3470 1219 3524 tameo
1239 3457 1364 3523 minime
1383 3468 1472 3521 tacu·

135 3554 256 3629 issent,
281 3554 416 3637 opinor,
441 3553 635 3619 Plutarchus
651 3566 682 3616 et
700 3556 868 3631 Valerius,
894 3555 949 3639 quii
962 3555 1044 3618 inter
1059 3575 1132 3618 rara
1150 3554 1294 3634 exempla
1311 3550 1470 3615 Licinium

136 3649 306 3713 Stolonem
332 3649 495 3712 celebrant
516 3659 638 3712 suamet
660 3649 731 3732 lege
753 3649 881 3734 agraria
903 3653 1096 3714 damnatum.
1140 3649 1215 3731 lpse
1239 3646 1376 3732 Pighius
1401 3665 1469 3709 eam

134 3754 258 3807 temere
280 3764 363 3807 anno
387 3764 420 3806 u.
444 3763 475 3806 c.
501 3742 574 3804 dot.
598 3741 786 3827 assignavit.

139 3922 323 3988 Serrium.
365 3920 445 3986 vid.
476 3919 675 3986 Conuenae
702 3922 744 3987 de
772 3933 895 3986 senatu
921 3920 1115 4008 cooptando
1143 3917 1470 4007 Agrigentinorum.

701 4092 916 4156 Scurnourse.

224 4213 392 4301 ‚(0urio)
414 4218 519 4303 legem
541 4214 706 4294 viariam,
739 4237 803 4280 nou
831 4213 1013 4279 dissimilem
1040 4211 1186 4300 agrariae
1212 4205 1321 4287 Rulli,
1351 4218 1383 4273 et
1407 4206 1474 4272 att·

142 4312 369 4473 Ἢῗῖανόίαιιέ,
404 4334 485 4398 quae
510 4311 597 4376 iubet
626 4308 745 4374 aediles
774 4308 896 4386 metiri,
930 4306 1094 4373 iactavit.”
1139 4303 1271 4372 Caelius
1298 4304 1339 4369 ad
1360 4300 1475 4371 Famil.

234 4451 245 4472 .
298 4450 308 4485 ,
357 4450 367 4470 .

315 4567 497 4631 Senensis
518 4564 644 4630 uinrin.

229 4688 318 4753 Lata
340 4709 359 4752 a
380 4690 419 4755 0.
443 4686 623 4754 Scribonio
645 4684 813 4763 Curione,
838 4684 970 4750 tribuno
996 4681 1100 4768 plebis
1122 4702 1153 4747 a.
1175 4704 1208 4747 u.
1233 4680 1328 4760 tot„
1350 4678 1393 4746 de
1415 4678 1481 4745 olis

151 4780 355 4849 mmendn.
397 4782 450 4846 Ad
469 4784 552 4847 hanc
575 4781 737 4848 ferendam
761 4782 865 4866 legem
889 4780 966 4866 quiid
987 4776 1162 4844 Curionem
1185 4775 1364 4861 impulerit,
1387 4774 1483 4841 doses

155 4875 322 4964 Appianas
345 4877 387 4942 Β.
403 4874 447 4943 C.
470 4878 516 4942 L.
539 4876 589 4942 11.
612 4898 647 4961 p.
672 4875 746 4942 tot.
770 4877 823 4941 ed.
847 4875 937 4942 Toll.
960 4872 1049 4961 [cap.
1071 4871 1113 4938 tt
1135 4871 1239 4960 seq.]a
1262 4890 1376 4957 nempe
1397 4865 1485 4952 qnod
