3202 5318
224 299 288 365 ffb
428 322 431 326 ’
641 288 852 357 SENATVS
875 285 1138 355 consuetu.

225 437 269 502 C.
291 435 494 499 facerent:
516 439 568 502 et,
593 448 675 491 cum
698 429 741 490 de
764 448 804 489 es
828 447 870 490 re
893 427 936 488 ad
957 419 1136 488 senatum
1152 422 1383 488 referretur
1400 446 1420 488 a
1438 424 1552 493 Coss.

226 549 381 602 eorum,
416 523 483 605 qui
513 521 551 584 is
574 520 690 585 CCC.
714 517 918 582 iudicibus
941 529 1098 589 essent,
1133 537 1203 578 sex
1232 516 1435 580 adducere
1465 519 1556 584 lire·

225 632 301 685 ret.
347 613 506 698 Siquid
532 614 640 676 dees
663 632 703 675 re
726 608 1002 692 adpopulum,
1037 610 1081 670 ad
1103 607 1313 689 plebemve
1336 609 1425 674 lato
1459 630 1556 693 opas

226 721 356 786 esset,
392 718 432 770 ut
463 707 547 768 Ser.
579 703 808 785 Sulpicius,
842 703 896 766 Μ.
926 701 1155 763 Marcellus
1182 720 1286 763 coss.
1313 713 1555 781 praetores,

181 847 184 852 -
225 800 463 882 tribunique
499 796 650 877 plebis,
686 795 834 879 quibus
865 814 994 855 eorum
1032 791 1255 874 rideretur,
1290 795 1556 876 adpopulos:

225 896 434 979 plebemve
462 889 637 952 ferrent:
683 886 835 970 quodii
859 883 1166 958 eontulissent,
1201 883 1277 959 uti,
1309 885 1556 972 quicumque

88 1024 93 1031 ·
224 986 420 1064 deinceps
442 992 593 1057 essent,
611 983 656 1042 ad
678 979 866 1060 populum
889 977 1097 1059 plebemve
1117 977 1291 1040 ferrent.
1324 976 1355 1040 1.
1379 979 1429 1042 N.

311 1073 526 1142 Priattst.
544 1073 691 1137 Octob.
710 1071 748 1133 in
766 1073 858 1133 aede
877 1068 1081 1149 Apollinis
1106 1066 1229 1131 scrib.
1248 1068 1488 1146 affuerunt,
1513 1073 1557 1136 L.

226 1166 426 1234 Domitius
443 1163 514 1229 Cn.
530 1165 571 1228 F.
593 1164 908 1234 Ahenobarbus,
928 1160 972 1238 Q.
994 1158 1195 1225 Caecilius
1221 1161 1265 1238 Q.
1287 1160 1328 1224 F.
1352 1163 1557 1227 Metellus

227 1258 322 1325 Pius
352 1257 513 1338 Scipio,
551 1260 594 1319 L.
625 1254 779 1318 Villius
812 1254 855 1314 L.
893 1253 934 1314 F.
970 1252 1079 1315 Pom.
1110 1250 1299 1326 Annalis,
1343 1252 1387 1318 C.
1420 1257 1556 1338 Septi·

227 1350 325 1414 mins
355 1352 398 1412 Τ.
421 1350 463 1412 F.
488 1348 675 1428 Quirina,
717 1345 759 1410 C.
797 1342 1036 1407 Scribonius
1066 1340 1114 1407 C.
1139 1344 1180 1406 F.
1204 1344 1304 1424 Pop.
1327 1342 1479 1423 Curio,
1513 1347 1556 1410 1..

229 1441 395 1508 Atteins
424 1443 469 1504 1..
500 1442 542 1504 F.
570 1440 643 1503 An.
673 1438 840 1519 Capito,
882 1436 934 1498 M.
965 1435 1122 1516 Oppius
1155 1433 1204 1497 lli.
1241 1436 1281 1497 F.
1314 1439 1556 1502 'ferentium

226 1535 347 1614 Quod
369 1534 422 1597 M.
446 1532 670 1598 Marcellus
693 1528 786 1594 Cos.
811 1530 857 1591 V.
883 1529 922 1590 F.
947 1530 991 1589 de
1014 1525 1258 1608 provinciis,
1284 1527 1331 1592 D.
1347 1529 1388 1592 E.
1405 1529 1452 1593 R.
1469 1529 1500 1594 1.
1516 1527 1558 1594 C.

224 1636 413 1689 senatum
447 1621 707 1696 existimare,
738 1619 929 1683 nemiuem
951 1639 1106 1695 eorum,
1140 1619 1205 1702 qui
1227 1629 1478 1700 potestatem
1501 1622 1561 1684 bs·

227 1719 324 1780 best
351 1711 653 1787 intercedendi,
686 1712 954 1792 impediendi,
991 1732 1133 1775 moram
1163 1712 1311 1774 afferre
1342 1722 1559 1794 oportere,

227 1829 307 1892 quo
330 1807 461 1871 minue
483 1807 527 1868 de
549 1825 591 1866 re
617 1805 707 1884 pub.
731 1807 776 1865 ad
797 1815 973 1866 senatum
995 1802 1166 1877 referri,
1192 1817 1449 1887 senatusque
1471 1824 1563 1867 coa·

228 1901 378 1964 sultnm
400 1897 496 1961 fieri
519 1897 674 1978 possit3
708 1895 776 1978 qui
799 1891 1051 1975 ilnpedierit,
1087 1895 1364 1976 prohibuerit,
1398 1890 1564 1960 eum‘se·

229 2004 361 2056 natum
395 1988 629 2053 existimare
666 2001 808 2052 contra
842 2008 922 2049 rem
953 1986 1159 2068 publicam
1191 1987 1354 2052 fecisse.
1401 1990 1442 2053 Si
1477 1988 1563 2073 quis

229 2083 504 2147 buicsenatus
520 2079 1034 2153 consultointercesserit,
1051 2079 1207 2141 senatui
1222 2078 1402 2159 plaeere,
1423 2093 1562 2145 auoto-

227 2176 395 2239 ritatem
417 2173 642 2254 perscribi,
673 2183 711 2234 et
734 2176 779 2233 de
802 2191 842 2233 ea
865 2192 907 2234 re
929 2173 974 2233 ad
997 2182 1177 2233 senatum
1199 2169 1474 2254 populumque
1505 2193 1563 2236 re·

229 2265 350 2332 ferri.
395 2265 480 2329 Huic
502 2276 628 2328 senatus
649 2264 797 2327 consulto
818 2262 997 2325 intercessit
1017 2260 1060 2325 C.
1082 2261 1229 2336 Caelius,
1254 2262 1298 2325 L.
1321 2263 1496 2340 Vinicius,
1520 2266 1561 2330 P.

227 2358 423 2432 Cornelius,
457 2357 498 2422 C.
527 2357 644 2420 Vibius
669 2357 788 2421 Pansa.
833 2357 931 2418 ltem
954 2353 1111 2417 senatui
1133 2354 1313 2434 placere,
1347 2357 1392 2420 de
1424 2357 1564 2420 militi·

229 2453 324 2525 bus.
347 2452 415 2535 qui
437 2449 472 2512 in
495 2448 679 2513 exercitu
701 2447 743 2512 C.
760 2445 952 2511 Caesaris
973 2457 1082 2508 suut:
1107 2445 1174 2529 qui
1195 2466 1333 2509 eorum
1356 2447 1563 2529 stipendis

230 2542 399 2607 emerita
430 2553 497 2605 aut
524 2561 687 2613 causas,
723 2540 864 2620 quibus
887 2540 931 2601 ‹le
953 2537 1088 2601 caereis
1112 2536 1219 2601 missi
1239 2537 1337 2602 fieri
1365 2542 1561 2616 debent,

230 2637 426 2708 babeant,
459 2634 628 2697 adhunc
651 2630 832 2696 ordinem
856 2629 1025 2704 referri,
1059 2640 1259 2694 uteorum
1282 2629 1393 2695 ratio
1424 2633 1563 2698 babes·

230 2743 315 2802 tur,
338 2746 562 2808 causaeque
586 2735 903 2807 cognoscentur.
949 2721 990 2784 Si
1012 2723 1102 2804 quis
1122 2722 1214 2786 huic
1236 2725 1273 2785 S.
1297 2722 1340 2787 C.
1364 2723 1562 2788 interces-

230 2816 354 2891 serit,
388 2817 547 2880 senatui
570 2819 730 2897 placere
753 2814 1040 2877 auctoritatem
1063 2813 1283 2894 perscribi,
1318 2826 1355 2878 et
1385 2818 1431 2878 de
1454 2837 1503 2880 es
1524 2838 1562 2880 re

232 2911 280 2972 ad
318 2921 500 2971 senatum
531 2907 803 2989 populumque
834 2904 1005 2969 referri.
1049 2905 1137 2969 Huic
1166 2907 1202 2969 S.
1235 2904 1277 2970 C.
1307 2906 1496 2973 intercessit
1523 2907 1561 2974 C.

233 2997 387 3074 Caelius,
412 2997 456 3063 C.
482 3000 607 3074 Pansa,
631 2998 749 3062 tribuni
773 2997 890 3079 plebis.
934 2999 1115 3080 Itemque
1136 2997 1295 3061 senatui
1318 3001 1504 3080 placere,
1526 3001 1560 3064 is

234 3086 422 3154 Ciliciam
451 3081 794 3172 provinciam,'in
829 3101 923 3155 octo
954 3090 1138 3173 reliquas
1170 3090 1431 3172 provincias,
1466 3113 1560 3179 quas

232 3182 439 3262 praetorii
471 3205 547 3264 pro
588 3195 781 3265 praetore
815 3183 1073 3257 obtinerent,
1117 3204 1202 3258 eos,
1237 3183 1304 3264 qui
1343 3199 1561 3264 praetores

220 3273 416 3351 deerunt,
452 3297 578 3358 neque
608 3276 644 3339 in
677 3275 1009 3356 provinciarum
1039 3274 1214 3356 imperio
1238 3275 1427 3354 fuerunt,
1464 3300 1561 3364 qnos

232 3383 369 3431 rerum
399 3389 448 3430 ex
477 3367 513 3429 S.
548 3367 590 3431 C.
620 3389 703 3436 erim
732 3367 905 3448 imperio
934 3366 971 3429 in
999 3366 1240 3447 provincias
1270 3383 1562 3452 propraetore

233 3456 337 3524 mitti
365 3470 603 3540 oporteret,
637 3480 704 3522 eos
733 3461 887 3524 sortito
916 3458 954 3522 in
983 3457 1223 3541 provincias
1254 3461 1356 3525 mitti
1378 3463 1561 3544 placem

232 3547 268 3613 si
288 3570 337 3612 ex
357 3571 403 3615 eo
425 3572 611 3628 numero,
637 3573 737 3634 quos
760 3573 807 3615 ex
823 3553 857 3616 S.
873 3549 916 3615 C.
932 3551 969 3614 in
991 3551 1230 3632 provincias
1252 3551 1310 3614 ire
1334 3566 1561 3633 oporteret,

231 3645 500 3710 adnumerum
524 3665 599 3710 non
622 3658 773 3720 esseut,
804 3643 873 3728 qui
895 3644 935 3707 in
957 3665 1023 3706 ess
1045 3642 1290 3724 provincias
1320 3646 1563 3726 proficisci*

231 3746 393 3801 rentur-e
440 3747 519 3801 turn
552 3738 609 3800 uti
642 3740 829 3822 quodque
862 3735 1084 3820 collegium
1124 3737 1288 3817 primum
1325 3750 1562 3819 praetorum

232 3826 398 3903 fuisset,
434 3848 562 3913 neque
583 3830 622 3895 in
645 3828 882 3911 provincias
905 3829 1089 3914 profecti
1111 3839 1263 3904 essent,
1295 3828 1351 3894 ita
1380 3843 1501 3897 sorte
1526 3831 1563 3897 ia

231 3919 469 4001 provincias
491 3922 882 4003 proficiscerentur;
905 3921 937 3983 si
959 3920 987 3983 ii
1009 3921 1283 3989 adnumerum
1308 3941 1386 3987 non
1415 3935 1561 4000 essent,

230 4019 329 4073 tune
361 4011 554 4093 deinceps
586 4013 764 4095 proximi
796 4013 993 4096 cuiusque
1023 4012 1214 4096 collegii,
1251 4014 1317 4097 qui
1347 4018 1563 4094 praetores

231 4101 432 4180 fuissent,
467 4125 594 4189 neque
623 4105 662 4167 in
692 4105 932 4186 provincias
962 4104 1143 4185 profecti
1165 4116 1314 4181 essent,
1348 4105 1390 4170 in
1412 4120 1564 4174 sortem

234 4195 558 4275 coniicerentur,
590 4199 719 4280 quoad
741 4196 774 4259 is
797 4217 985 4260 numerus
1008 4196 1187 4261 effectus
1215 4208 1337 4274 esset,
1375 4220 1493 4281 quens
1521 4203 1565 4265 ad

233 4307 433 4352 numerum
455 4288 493 4351 in
516 4289 750 4370 provincias
774 4287 879 4352 rni'tti
901 4300 1125 4370 oporteret.
1170 4289 1212 4352 Si
1234 4289 1324 4373 quis
1348 4291 1448 4356 huie
1470 4295 1507 4356 S.
1523 4291 1563 4356 C.

230 4372 563 4454 intercessisset,
588 4381 817 4445 arroteritae
839 4381 1184 4461 perscriberetur.
1227 4381 1314 4446 Huic
1332 4395 1466 4448 sesamis
1488 4406 1563 4451 con·

233 4469 319 4534 sulto
341 4471 520 4536 intercessit
543 4470 585 4536 C.
609 4472 757 4549 Caelius,
781 4472 822 4538 C.
847 4476 972 4550 Pausa,
995 4472 1113 4537 tribuni
1136 4474 1250 4555 plebis.
1287 4478 1327 4537 sd
1349 4477 1446 4540 Fare.
1471 4477 1510 4551 8,
1529 4477 1561 4541 8.

321 4563 493 4629 Senatus
519 4565 726 4648 frequens,
756 4566 894 4630 formula
920 4565 1014 4629 etiam
1039 4565 1230 4630 edictorum.
1274 4565 1358 4631 Cum
1382 4581 1435 4634 tot
1464 4571 1561 4639 edicta

234 4654 478 4735 propourisset,
496 4657 612 4734 edixit,
637 4658 689 4720 Ut
711 4660 1055 4722 adessetSenatus
1077 4657 1271 4742 frequens
1291 4661 1559 4731 novutttst
