3204 5296
24 296 28 309 ·
146 298 208 362 mo
319 246 325 267 ”
544 298 695 364 mnes
715 299 1066 368 coruncanum.

230 440 421 505 Lictores
444 438 652 505 dimittere
674 440 706 505 in
727 441 889 527 squalore.
913 441 1088 524 Pompeius
1108 442 1148 503 ad
1170 461 1219 504 rne
1242 439 1463 508 lictoribus

145 534 339 611 dimissis,
364 532 537 618 insignibus
553 534 700 614 abiectis,
725 547 814 601 veste
829 546 964 613 mutata,
989 535 1154 618 profectus
1169 546 1231 599 est.
1253 556 1315 620 pro
1329 536 1463 602 Plancio

145 629 203 706 11,
228 631 281 695 98.

228 722 421 805 Liquere.
465 723 550 789 Vide
572 725 786 808 Ampliare.
809 760 850 775 -
872 726 1053 809 Liquere
1075 722 1157 787 eibi
1178 722 1269 788 dixit.
1292 745 1354 808 pro
1378 721 1464 791 Cae·

144 814 213 879 cina
236 816 294 892 10,
319 816 373 881 99.

81 906 84 913 ’
227 911 295 974 Lis
319 911 480 994 capitis.
525 912 559 978 Si
583 936 664 999 quae
691 914 725 978 in
751 912 888 998 aliquem
910 910 1134 996 liscapitie
1156 912 1270 976 illata
1293 924 1367 978 est.
1400 934 1463 997 pro

144 1002 294 1071 Cluentio
317 1007 379 1083 11,
403 1007 477 1070 116.

226 1099 356 1164 Litem
387 1102 598 1166 aestimare
628 1101 721 1166 alicui
750 1103 823 1167 fla.
847 1101 1036 1167 milibus.
1060 1146 1068 1166 .
1095 1146 1103 1166 .
1148 1104 1250 1167 Verr.
1274 1101 1397 1168 Aecus.
1420 1102 1459 1180 3,

143 1193 202 1271 80,
232 1193 306 1258 189.
406 1244 410 1256 .

226 1289 354 1354 Litcrn
378 1290 568 1355 obtinere
589 1295 616 1370 l(
639 1291 835 1356 amittere.
867 1314 929 1374 pro
952 1292 1074 1357 Roscio
1097 1312 1180 1355 com.
1205 1293 1241 1366 6,
1266 1291 1317 1353 10.

226 1383 341 1449 Lites
363 1384 613 1450 aestimatae.
658 1385 713 1450 De
734 1386 878 1449 litibus
895 1385 1119 1451 aestimatis
1135 1383 1204 1449 Cn.
1220 1384 1459 1472 Dolabellae

141 1480 207 1545 Pr.
230 1480 273 1544 Ρ.
297 1482 341 1546 R.
365 1479 558 1562 pecuniae
579 1482 782 1545 redactae.
828 1480 947 1560 erod
969 1501 986 1542 a
1008 1477 1202 1543 communi
1223 1478 1458 1560 Milyadum.

141 1573 242 1637 Verr.
259 1574 336 1638 Act.
361 1574 398 1652 1,
423 1574 483 1650 38,
507 1575 547 1639 96
571 1585 601 1637 et
624 1574 685 1652 39,
711 1575 764 1639 99.
789 1609 828 1620 -
851 1575 911 1638 Ex
933 1572 1075 1638 litibus
1097 1571 1319 1637 aestimatis
1342 1572 1463 1639 Dola·

140 1665 286 1732 bellae.
330 1669 399 1732 Pr.
424 1680 461 1732 et
483 1670 566 1733 Pro
590 1669 656 1732 Pr.
701 1670 802 1732 Verr.
826 1671 947 1733 Aecus.
973 1670 1009 1742 1,
1035 1669 1094 1744 39,
1120 1667 1174 1732 99.

225 1762 331 1827 Litis
362 1762 610 1827 aestimatio.
655 1766 765 1827 Locus
791 1762 961 1846 primarius
985 1765 1023 1825 de
1050 1762 1139 1826 litis
1161 1761 1463 1830 aestimatione:

139 1878 202 1941 pro
226 1855 376 1924 Cluentio
401 1858 461 1932 11,
488 1858 560 1920 116.
1149 1915 1154 1927 ,

224 1951 392 2015 Litibus
422 1964 457 2015 et
485 1952 637 2037 iurgiis
665 1973 706 2016 se
729 1951 949 2016 abstinere.
994 1949 1142 2014 Inferiis
1168 1948 1340 2018 indicendis
1364 1952 1465 2043 impe-

140 2046 271 2109 rabant:
295 2058 336 2109 ut
357 2046 499 2108 litibus
522 2057 561 2108 et
582 2046 731 2132 iurgiis
753 2068 791 2110 se
816 2045 1078 2109 abstinerent.
1102 2043 1360 2130 deDiv.1‚!r5,
1388 2048 1461 2111 102.

223 2140 410 2204 Litterae
433 2141 476 2203 L.
501 2140 679 2215 Metelli,
705 2161 783 2223 quas
810 2143 849 2202 nd
873 2139 933 2205 Cn.
954 2140 1142 2221 Pompeium
1169 2160 1200 2205 et
1226 2145 1279 2207 M.
1306 2140 1459 2207 Crass'urn

140 2235 304 2316 consules,
329 2239 373 2314 (a.
398 2256 428 2300 ιι.
451 2256 487 2311 c.
505 2236 612 2315 681),
636 2255 714 2318 quas
738 2237 777 2297 ad
801 2235 854 2299 M.
882 2235 1072 2297 Mummium
1096 2248 1293 2325 praetorerp,
1319 2256 1400 2320 quas
1423 2237 1461 2300 ad

139 2341 326 2413 quaestores
362 2330 449 2392 urbis
482 2326 575 2392 misit.
628 2327 813 2410 Epistola
845 2328 888 2391 L.
924 2327 1103 2392 Metelli.
1155 2329 1350 2395 Decumas
1379 2328 1461 2394 fru-

139 2421 263 2486 menti
295 2423 383 2508 lege
414 2422 638 2487 Hieronica
675 2423 849 2486 vendidi.
896 2424 1045 2486 Sumrna
1078 2422 1116 2485 vi
1147 2427 1233 2489 data
1264 2436 1324 2489 est
1353 2445 1372 2489 a
1404 2444 1459 2488 ns

139 2537 278 2599 opera,
306 2529 347 2581 ut
376 2539 483 2602 quam
513 2516 686 2599 plurimo
715 2519 897 2580 decumas
928 2519 1156 2580 venderem:
1191 2531 1232 2582 ut
1254 2531 1456 2594 aratores,

139 2610 204 2697 qui
225 2610 372 2695 reliqui
394 2622 532 2683 eraut,
556 2631 664 2695 quam
688 2610 899 2693 plurimum
923 2623 1123 2675 sererent.
1150 2615 1456 2697 Tamenproeo,

112 2717 178 2775 ¹ut
206 2703 404 2787 temporis
437 2703 669 2769 difficultas
701 2718 990 2789 aratorumque
1025 2708 1194 2786 penuria
1229 2707 1343 2783 tulit,
1382 2707 1458 2772 uisi

137 2799 300 2863 litteras
340 2799 554 2876 misissem,
597 2799 670 2862 nisi
704 2821 896 2881 praesens
930 2799 1233 2865 confirmassem
1269 2802 1456 2886 reliquos

138 2908 375 2958 aratores..
402 2938 446 2958 ..
481 2930 520 2941 -
557 2895 599 2957 lu
630 2894 828 2977 reliquum
851 2906 976 2956 tamen
999 2904 1151 2978 tempus
1176 2895 1456 2981 vectigalibus

135 2987 344 3070 prospexi.
389 2990 488 3053 Verr.
514 2989 693 3064 necnee,
719 2989 774 3064 51,
803 2989 860 3049 196
883 3009 975 3072 seqq.
1252 3070 1255 3076 Ι

221 3083 403 3147 Litteras
443 3083 622 3164 publicas
659 3103 931 3163 corrumpere.
985 3081 1026 3147 C.
1056 3084 1178 3146 Verres
1209 3085 1453 3164 pronuntiarit:

137 3177 342 3241 Sthenium
365 3178 527 3241 litteras
548 3177 732 3261 publicas
755 3177 991 3258 corrupisse
1015 3177 1165 3241 videri:
1197 3179 1245 3242 ob
1273 3199 1355 3241 cana
1378 3200 1455 3245 rein

136 3269 900 3352 HS.ID.VeoeriErycinaedeSthenii
918 3271 1036 3334 bonis
1055 3284 1302 3335 exacturum.
1327 3270 1453 3336 Rursus

135 3367 371 3449 pronuntiavit:
411 3367 450 3430 Si
472 3367 563 3451 quis
586 3367 791 3428 absentem
814 3364 1024 3429 Sthenium
1047 3365 1107 3428 rei
1131 3366 1321 3448 capitalis
1345 3389 1453 3432 reurn

133 3460 273 3525 lacere
304 3461 447 3533 vellet,
482 3481 569 3523 sese
600 3458 689 3522 eius
723 3480 860 3523 nomen
893 3472 1161 3542 recepturum.
1206 3461 1306 3524 Verr.
1331 3465 1450 3528 Aecus.

135 3555 173 3633 9,
197 3553 254 3631 38,
279 3553 318 3618 93
342 3567 372 3617 et
394 3555 446 3619 ot.

218 3652 262 3715 L.
286 3652 337 3714 M.
362 3649 518 3735 (Litterae
535 3648 658 3727 missae)
682 3646 782 3711 adC.
807 3647 974 3710 Annium
999 3649 1082 3732 Leg.
1108 3651 1151 3711 ad
1173 3647 1214 3714 C.
1239 3649 1448 3716 Fonteium

134 3745 213 3830 leg.
237 3744 280 3809 L.
304 3745 348 3809 A.
373 3745 528 3822 (Litterae
558 3746 718 3825 acceptae)
750 3764 779 3805 a.
811 3740 849 3806 C.
880 3742 1012 3807 Annio
1041 3743 1119 3827 leg.
1149 3765 1176 3809 a.
1204 3742 1245 3808 C.
1278 3744 1449 3811 Fonteio

133 3843 212 3925 leg.
244 3860 307 3921 pro
331 3838 468 3902 Fonteio
493 3839 529 3911 lt,
554 3837 585 3901 8.

216 3933 329 3998 Loca
363 3953 476 3998 sacra
508 3943 545 3995 et
578 3931 772 4018 religiosa
808 3930 982 4015 profana
1012 3931 1168 3995 baberi.
1206 3935 1243 3995 de
1274 3933 1450 4018 Haruspie.

132 4048 219 4111 resp.
243 4029 281 4104 5,
307 4027 337 4094 9.

165 4136 168 4141 “
217 4127 391 4187 Locare.
438 4122 470 4185 Si
491 4121 625 4186 Rhodiis
648 4134 742 4203 turpe
764 4142 827 4184 non
850 4132 898 4184 est
920 4121 1098 4203 portorium
1121 4122 1276 4196 locare,
1302 4142 1342 4186 ne
1363 4122 1450 4187 Her-

132 4212 450 4302 macreonti'quidem
476 4230 569 4297 turpe
596 4229 643 4279 est
666 4219 902 4280 conducere.
936 4218 975 4277 de
1001 4217 1071 4279 lue.
1098 4218 1135 4289 1,
1161 4216 1218 4292 30,
1242 4218 1294 4281 07.
1320 4249 1360 4262 -
1383 4223 1451 4283 An·

132 4314 254 4377 aeribus
277 4311 429 4375 cibaria
454 4311 613 4393 publice
636 4311 831 4373 locantur.
860 4331 922 4391 pro
947 4311 1023 4373 Sex.
1049 4309 1202 4373 Amerino
1227 4312 1283 4384 90,
1310 4313 1364 4377 56.

216 4392 388 4472 Locutio
412 4404 602 4469 censoria
626 4403 723 4469 Asiae
746 4403 914 4467 constituta
939 4417 986 4466 est
1009 4405 1080 4487 lege
1111 4404 1312 4486 Sempronia.
1347 4408 1448 4472 Verr.

132 4503 251 4565 Aecus.
276 4502 311 4576 3,
338 4502 374 4577 6,
401 4501 452 4563 19.

215 4598 349 4659 Locus
372 4593 572 4676 superior.
616 4593 726 4678 Agere
749 4594 792 4654 de
815 4591 909 4656 loco
932 4589 1157 4672 superiore.
1202 4596 1305 4659 Verr.
1327 4598 1447 4660 Accns.

131 4692 168 4768 1,
193 4691 231 4764 5,
258 4692 311 4752 11.

215 4781 318 4845 Ludi
338 4782 548 4847 irruebres.
582 4783 621 4846 de
642 4783 752 4866 Legg.
776 4781 813 4858 9,
839 4779 903 4856 91,
926 4778 979 4841 61.
