3202 5318
105 405 109 413 Ι
197 316 260 385 su
428 296 431 300 ’
683 306 835 377 tnnnx
855 307 1039 375 annun.

282 455 388 523 Huius
414 452 563 520 fortassis
587 451 670 539 legis
695 450 872 538 fragments
903 451 1057 536 quaedam
1086 447 1226 514 continet
1249 448 1355 512 tabula
1379 447 1528 513 serenio

199 572 311 617 ososeo
335 549 506 625 Mediceo,
531 547 688 629 descripta
713 568 730 611 a
757 545 898 610 Marinio
924 545 956 609 in
981 545 1052 610 Atti
1077 565 1095 608 e
1120 542 1312 610 monumenti
1333 543 1382 607 dei
1409 542 1529 608 fratelli

198 644 299 713 srvali
329 644 359 708 l.
390 664 424 726 p
453 642 508 707 10.
536 652 569 706 et
598 640 737 705 Klenzio
767 640 799 704 in
829 640 960 724 Fragm.
989 639 1089 726 Legis
1117 637 1236 702 Servil.
1259 638 1378 719 Repet.
1400 659 1437 720 p.
1460 637 1528 703 IV.

201 751 271 823 pot.
291 741 324 804 b.
358 736 440 803 via.
463 712 618 803 listsbold
642 735 756 821 Antiq.
779 735 878 800 Rom.
904 734 1056 799 Monum.
1079 733 1215 819 Legatia
1236 753 1272 817 p.
1297 734 1371 796 110.

188 902 192 907 ·
310 866 319 879 ”
369 877 469 943 lucra
490 875 533 941 cle
552 856 771 972 sacerdotiis.

231 1018 244 1059 ·.
286 989 471 1070 ,Existimo
501 990 630 1056 omnino
661 987 835 1053 absentium
865 986 1020 1053 rationem
1046 990 1247 1053 sacerdotum
1273 986 1410 1052 comitiis
1431 1008 1531 1071 posse

199 1084 328 1163 baberi3
352 1107 421 1149 nam
444 1084 536 1149 etiarn
560 1085 679 1148 lactum
706 1096 754 1147 est
775 1094 880 1147 antea.
925 1080 965 1149 C.
989 1082 1070 1148 enim
1095 1082 1221 1147 Marius
1247 1103 1317 1145 curn
1343 1083 1374 1145 in
1399 1080 1532 1167 Cappa·

200 1178 293 1249 toris
315 1190 417 1256 esset,
442 1180 516 1264 lege
539 1178 678 1244 Domitia
701 1179 804 1242 iactus
826 1189 876 1241 est
896 1199 1020 1262 augur;
1042 1199 1117 1254 nec,
1142 1197 1209 1262 quo
1234 1177 1335 1260 minus
1359 1177 1392 1241 id
1417 1192 1531 1262 postes

199 1275 329 1351 liceret,
353 1276 416 1338 ulla
440 1275 493 1339 lex
514 1273 631 1338 sanxit.
676 1274 737 1337 Est
762 1270 855 1337 etiam
877 1270 908 1334 in
932 1273 1003 1357 lege
1024 1272 1130 1349 Iulia,
1159 1292 1241 1355 quae
1264 1271 1318 1334 lex
1339 1284 1386 1335 est
1407 1273 1451 1336 sle
1474 1294 1530 1336 so·

200 1369 364 1437 cerdatiis
380 1366 544 1450 proxima,
569 1368 618 1431 bis
634 1367 759 1430 serbis:
785 1365 864 1444 Qui
883 1366 984 1449 petit
999 1365 1164 1429 cuiusve
1178 1364 1286 1429 ratio
1302 1365 1529 1429 habebitur.

201 1467 326 1547 Aperte
349 1462 466 1526 indicat
488 1483 585 1546 posse
607 1463 763 1527 rationem
786 1460 899 1525 baberi
919 1462 1012 1525 etiam
1033 1481 1099 1526 non
1119 1458 1333 1542 praesentis.’'
1364 1461 1472 1543 Epist.
1493 1462 1532 1523 ad

201 1559 296 1623 Brut.
320 1558 350 1623 Ι.
374 1559 406 1622 5.
452 1554 506 1622 Cl.
529 1558 700 1621 nomm.

372 1698 471 1761 lunia
492 1696 535 1761 sie
556 1670 673 1761 liberis
694 1696 937 1782 legationibus.

289 1809 484 1893 „Dolabella
508 1831 556 1873 rue
579 1810 637 1873 sibi
657 1811 781 1895 legavit
802 1832 833 1874 a.
857 1812 889 1873 d.
913 1811 978 1874 lV.
1000 1810 1123 1874 Nonas.
1166 1807 1301 1874 Iti-mihi
1318 1807 1386 1873 beri
1407 1808 1536 1892 vesperi

203 1905 377 1971 nuntiatum
396 1914 456 1968 est.
501 1903 623 1967 Votiva
647 1924 687 1966 ne
703 1905 759 1985 tibi
774 1906 900 1988 quidem
918 1906 1079 1987 placebat.
1124 1904 1249 1968 Etenim
1266 1915 1334 1967 erat
1349 1907 1533 1975 absstrdum,

202 2022 305 2087 qtsae,
329 1999 356 2062 si
378 1998 519 2063 stetisset
541 2020 593 2061 res
615 1997 758 2080 publica,
785 1998 963 2074 vovissem,
988 2019 1022 2060 ea
1043 2020 1091 2061 me
1114 2019 1226 2062 eversa
1246 1998 1297 2061 illa
1321 2011 1397 2063 vota
1419 1999 1537 2063 dissol-

202 2082 301 2159 seie:
325 2094 503 2170 othehem,
527 2093 660 2174 opinor,
684 2092 804 2178 liberae
823 2094 1000 2178 legationes
1016 2092 1177 2155 delinitum
1201 2106 1324 2175 tempus
1341 2094 1414 2177 lege
1428 2095 1533 2171 Iselia,

203 2210 264 2255 neo
286 2188 381 2252 facile
403 2186 476 2250 addi
496 2199 618 2270 potest.
663 2188 759 2253 Aveo
789 2208 889 2272 genus
916 2184 1099 2273 legationis,
1134 2200 1167 2250 ut
1196 2210 1265 2251 rsrm
1298 2186 1376 2251 velis
1398 2187 1535 2252 introire

206 2282 295 2348 exire
327 2283 437 2347 liceat:
473 2283 560 2366 quod
591 2302 673 2344 nunc
705 2281 779 2343 mihi
817 2282 956 2345 additum
989 2293 1050 2343 cst.
1103 2281 1193 2345 Bella
1221 2293 1269 2347 est
1304 2272 1535 2347 sertem-buius

205 2375 284 2444 iuris
307 2366 514 2461 quinquennii
539 2375 699 2438 licentia.’'
733 2380 771 2437 ad
797 2378 867 2439 Att.
891 2376 973 2438 XV.
999 2379 1057 2451 11,
1082 2381 1115 2440 1.

253 2458 272 2481 ”
290 2471 437 2538 Liberae
459 2469 648 2554 legationes
664 2468 828 2544 dicunntur,
854 2490 922 2531 οιιιιι
946 2469 1167 2545 senatoribus,
1192 2468 1335 2554 privatae
1356 2468 1403 2535 rei
1425 2492 1550 2550 causa,-

205 2581 364 2655 tamquam
387 2565 451 2630 voti
475 2565 638 2641 solvendi,
664 2564 847 2627 hereditatis
870 2576 922 2627 aut
940 2565 1143 2649 syngraphae
1163 2569 1419 2649 persequendae,
1445 2581 1534 2632 extra

205 2663 329 2729 Italiam
359 2657 565 2735 abeuntibus,
600 2658 649 2723 ius
677 2679 855 2743 nomenque
882 2658 979 2743 legati
1006 2659 1116 2741 populi
1142 2661 1278 2724 Romani
1301 2659 1392 2729 scta
1419 2664 1533 2738 datter,

207 2768 240 2821 ut
272 2778 312 2823 eo
344 2754 456 2819 maiori
490 2777 559 2818 cum
588 2753 756 2839 dignitate,
793 2754 962 2816 securitate
996 2765 1059 2817 cet.
1096 2753 1211 2837 ubique
1243 2755 1366 2820 versari
1397 2759 1536 2838 possint.

170 2854 178 2861 '
205 2850 329 2915 Harsun
363 2863 485 2931 tempus
512 2849 587 2912 olim
620 2849 771 2911 inlinitum
795 2847 867 2911 luit.
924 2849 1180 2933 Namquebanc
1209 2847 1309 2931 ipsam
1339 2853 1383 2915 ob
1408 2873 1536 2915 causam

206 2924 324 3007 liberae
347 2943 407 3006 clici
433 2943 594 3018 vitientur,
619 2944 706 3025 quod
728 2939 818 3005 exire
841 2953 871 3005 et
894 2941 999 3005 redire
1026 2944 1151 3017 liceret,
1176 2966 1247 3006 cum
1274 2944 1434 3026 placeret.
1472 2946 1537 3008 Sed

206 3039 356 3122 quoniam
391 3036 480 3099 multi
509 3035 600 3099 uiuitis
631 3038 841 3099 abutebantur
872 3035 1042 3121 legationis
1071 3040 1196 3101 nomine
1226 3059 1264 3101 ac
1289 3037 1376 3115 iure,
1417 3037 1537 3104 Cicero

207 3132 320 3197 consul
341 3130 463 3193 rettulit
485 3132 524 3193 ad
546 3141 687 3194 senatum
705 3133 743 3192 de
766 3130 912 3194 tollendis
936 3131 1150 3215 legationibus
1178 3132 1286 3195 liberis
1307 3144 1435 3196 senatus
1457 3154 1537 3198 con·

207 3226 307 3291 sulto.
351 3225 391 3290 In
421 3247 486 3310 quo
518 3247 588 3288 curn
617 3225 647 3289 ei
676 3222 825 3287 tribunus
856 3223 958 3308 plebis
988 3226 1115 3310 quidam
1149 3224 1395 3303 intercessisset,
1431 3226 1538 3291 eli'ecit

206 3332 329 3396 tamen,
355 3332 388 3383 ut
404 3340 539 3381 annuum
557 3330 680 3401 tempus
701 3331 798 3393 esset,
827 3321 914 3403 quod
938 3333 1027 3383 antea
1048 3319 1201 3383 inlinitum
1218 3332 1306 3397 erat,
1330 3323 1369 3385 de
1390 3321 1538 3407 Legibus

207 3415 276 3482 Ill.
301 3415 333 3478 8.
378 3413 479 3478 lulius
505 3412 625 3479 Caesar
654 3425 765 3496 postea
797 3415 835 3476 de
859 3413 906 3477 bis
933 3413 1147 3501 legationibus
1170 3415 1258 3491 tulit,
1290 3427 1327 3478 ut
1348 3414 1539 3501 quinquen·

206 3508 304 3573 nium
331 3520 466 3573 tantum
494 3508 674 3571 durarent.
715 3511 754 3571 ad
777 3511 847 3572 Att.
871 3508 953 3572 XV.
979 3513 1031 3573 11.
1077 3507 1228 3574 Ceterum
1256 3510 1538 3597 delegationibus

207 3602 319 3669 liberis
343 3602 426 3665 nulla
451 3600 623 3666 necessitas
649 3602 724 3666 milii
750 3602 967 3665 videturesse
994 3604 1166 3680 statuendi,
1193 3604 1345 3686 peculiari
1374 3605 1445 3687 legs
1467 3625 1541 3668 san-

208 3697 304 3763 citum
327 3718 409 3762 esse.
455 3698 537 3760 Nam
561 3696 664 3779 potuit
689 3695 830 3782 legisde
853 3696 1026 3779 provinciis
1048 3711 1143 3781 caput
1168 3720 1238 3762 esse
1263 3703 1301 3762 de
1325 3698 1539 3783 legationibus

208 3791 335 3868 liberis,
360 3792 447 3875 quod
469 3813 525 3855 eae
542 3791 572 3853 in
596 3790 706 3874 primis
727 3794 764 3853 ad
784 3791 1027 3873 provincialium
1047 3791 1189 3856 iniuriam
1213 3795 1427 3878 pertinebant.
1452 3793 1540 3857 Eas.

208 3884 377 3955 Ernestius
400 3885 576 3949 Antonium
604 3885 840 3970 Augustinum,
865 3885 896 3948 ni
919 3884 1033 3964 fallor,
1058 3901 1183 3951 sentitus
1207 3887 1374 3951 manifesto
1397 3900 1485 3953 errat
1507 3887 1559 3950 in·

210 4002 269 4059 co,
291 3981 379 4069 quod
404 3983 464 4043 hac
484 3979 560 4067 lege
581 3978 692 4043 liberis
717 3979 931 4064 legationibus
957 3981 1200 4066 quinquennium
1225 4002 1293 4045 esse
1316 3983 1540 4064 praestitutum

210 4074 298 4142 dicit.
343 4076 422 4139 Nam
439 4072 561 4139 Cicero
579 4073 753 4160 significat,
777 4073 859 4148 sibi,
882 4072 1072 4139 Dolabellae
1093 4076 1234 4140 consulis
1254 4078 1378 4160 legato,
1403 4075 1541 4140 additam

211 4191 280 4234 esse
304 4170 481 4245 licentiam,
516 4180 643 4231 utrum
668 4168 765 4232 vellet
787 4167 921 4232 introire
943 4171 1031 4233 exire
1052 4170 1180 4246 liceret,
1214 4182 1310 4255 utque
1333 4171 1457 4255 legatus
1481 4190 1543 4253 per

213 4264 461 4350 quinquennium
485 4264 597 4325 abesse
619 4275 746 4345 posset;
772 4263 942 4326 liberarum
962 4278 1076 4329 contra
1096 4266 1288 4350 legationum
1308 4264 1440 4330 delinito
1462 4274 1543 4326 tem-

209 4358 285 4439 pori
306 4380 371 4423 non
393 4358 489 4422 facile
510 4355 584 4424 addi
606 4377 715 4440 posse.
761 4357 856 4439 Quml
872 4371 976 4422 autem
993 4373 1115 4444 tempus
1131 4359 1251 4424 Caesar
1273 4356 1382 4425 liberis
1405 4357 1544 4444 legatio·

211 4448 304 4515 nium
326 4452 501 4529 definierit,
525 4452 610 4516 baud
632 4463 769 4536 constat.

382 4592 483 4658 Iunis
504 4594 737 4679 sumptuaria.

298 4706 464 4788 „Venisse
485 4727 503 4771 a
525 4711 674 4776 Caesare
696 4710 845 4773 narrabat
866 4690 1007 4785 litteras3¹
1042 4707 1107 4775 boc
1133 4709 1294 4787 scribere,
1329 4706 1390 4774 sibi
1419 4718 1546 4773 certum

212 4818 284 4866 esse
305 4800 431 4866 Romae
454 4820 617 4882 manere,·
632 4822 823 4891 causamque
846 4820 913 4869 eam
928 4803 1136 4886 'adscribam
1170 4826 1210 4871 ne
1235 4827 1270 4871 se
1294 4805 1427 4903 absente
1456 4802 1547 4890 leges
