3202 5318
148 315 210 381 tte
266 322 267 329 ’
627 314 778 380 INDEX
798 313 978 380 LEGUM.

149 478 210 541 qua
232 444 504 539 comperendinari
526 465 670 537 poterat,
703 454 814 518 durior
836 466 904 519 erat
925 455 978 517 illa
1000 465 1125 531 vetere,
1154 476 1234 537 qnae
1257 464 1330 518 ante
1353 457 1460 521 Servi-

148 552 221 614 liam
250 551 371 623 fuerat,
407 569 467 634 qua
498 549 549 611 vel
574 548 706 611 iudicari
732 560 857 629 poterat
887 550 939 612 vel
967 549 1115 631 amplius
1142 548 1356 631 pronuntiari.
1400 553 1464 617 Per

149 656 288 708 veterem
315 645 396 706 hanc
423 643 526 726 legem
558 662 622 705 non
651 641 800 725 intelligit
832 641 950 706 Cicero
973 641 1139 717 Aciliam,
1173 645 1229 705 sed
1259 644 1464 709 venationem

149 736 302 814 Servilia,
337 757 398 819 qua
422 745 549 817 poterat
570 756 631 795 rina
654 734 777 797 actione
800 755 879 811 rens,
895 735 1037 811 absolvi,
1069 735 1225 818 quianon
1247 739 1467 818 comperendi-

148 832 303 905 nabatur,
334 829 387 892 vel
414 829 513 891 tarde
543 828 779 901 condemnari,
812 829 883 912 qnia
906 840 1094 911 potestatem
1118 828 1287 910 ampliandi
1309 833 1467 897 habebant

148 924 278 987 indices.
331 921 483 985 Peccavit
511 921 609 1004 igitur
631 920 681 982 vir
703 921 918 1002 doctissimus,
951 944 1020 984 eum
1043 943 1102 1002 per
1123 933 1272 985 veterem
1293 923 1467 1009 significari

149 1016 280 1080 credidit
302 1016 460 1080 Aciliam.
505 1015 616 1098 Itaque
646 1013 721 1076 dicit
751 1015 886 1091 Cicero,
924 1017 1069 1080 restituo
1090 1015 1152 1079 tibi
1173 1016 1340 1092 Aciliam,
1375 1040 1466 1100 quam

131 1108 324 1195 antiquavit
340 1107 507 1184 Cornelia,
532 1108 595 1171 hoc
617 1120 680 1182 est,
704 1107 855 1189 permitto
871 1109 1085 1191 quaestionem
1102 1111 1182 1172 bane
1197 1109 1343 1173 exerceri
1357 1112 1467 1176 Acilia

149 1204 221 1289 lege
243 1203 309 1265 sine
331 1200 662 1283 comperendinatione
691 1213 723 1263 ct
751 1202 974 1283 ampliatione,
1007 1224 1071 1264 non
1105 1204 1177 1286 lege
1199 1203 1354 1280 Servilia,
1388 1225 1467 1290 qnae

147 1297 251 1378 prima
272 1295 361 1371 tulit,
398 1305 432 1356 ut
454 1295 769 1377 comperendinatim,
805 1305 858 1358 aut
878 1296 943 1359 trac
964 1295 1095 1370 atroci,
1130 1295 1276 1358 nimirum
1301 1296 1462 1373 Cornelia,

149 1411 231 1476 qnae
259 1390 333 1452 item
363 1387 514 1470 permittit
544 1388 821 1470 comperendinare
849 1399 880 1450 et
909 1389 1076 1471 ampliare.
1128 1391 1206 1452 Eam
1236 1390 1319 1459 enim
1346 1391 1461 1466 innuit,

148 1504 219 1548 mian
241 1481 286 1548 ait
305 1485 367 1544 boc
388 1482 514 1557 atroci,
548 1478 729 1545 Corneliam
753 1481 916 1555 nimirum,
946 1503 1028 1565 quae
1051 1493 1124 1563 post
1146 1483 1295 1548 Aciliam
1317 1484 1381 1547 lata
1406 1484 1463 1547 init

79 1578 82 1584 ’
149 1588 182 1640 et
203 1598 294 1661 quam
318 1574 437 1637 iudices
459 1574 489 1636 in
512 1573 750 1656 quaestionibus
772 1578 1017 1655 repetundarum
1039 1578 1251 1661 sequebantur
1265 1580 1292 1639 Ξ
1298 1578 1343 1640 L.
1360 1578 1463 1659 Sullae

149 1680 295 1751 tempore
324 1689 423 1751 usque
453 1671 492 1729 ad
522 1669 633 1730 lulium
657 1665 846 1741 Caesarem,
881 1668 936 1750 qui
957 1689 1072 1731 novam
1095 1672 1340 1750 repetundarum
1363 1671 1463 1756 legem

148 1762 239 1838 tulit,
274 1782 355 1845 quae
385 1760 499 1823 dicitur
529 1759 623 1822 Icilia.
677 1760 778 1822 Vides
807 1761 859 1823 bic
889 1761 1001 1824 nullius
1030 1761 1181 1824 momenti
1211 1762 1370 1837 rationem
1398 1784 1465 1827 esse

149 1855 296 1928 alteram,
320 1876 389 1917 cum
412 1857 499 1916 tarda
523 1854 741 1918 condemnatio
765 1875 826 1917 nou
849 1854 1004 1935 pertineat
1026 1858 1064 1917 ad
1087 1855 1235 1920 Aciliam
1257 1857 1381 1940 legem,
1413 1860 1465 1919 scd

150 1947 359 2032 antiquiorem
389 1947 541 2021 Servilia,
578 1968 638 2030 qua
661 1958 808 2027 poterant
831 1960 883 2010 ant
904 1948 1006 2009 statim
1028 1948 1166 2011 iudicare
1187 1960 1241 2010 aut
1263 1952 1353 2013 tarde
1380 1953 1465 2014 dasn-

150 2063 244 2116 nare,
278 2041 422 2104 nimirum
446 2040 642 2124 ampliando,
667 2062 758 2124 quam
782 2041 1016 2121 ampliationem
1041 2063 1102 2103 non
1126 2042 1329 2123 permittebat
1339 2043 1466 2127 Acilia.

151 2136 262 2198 'l'ertia
278 2157 406 2218 qnoque
422 2156 485 2197 non
502 2146 567 2206 cst,
592 2137 680 2217 quod
698 2154 756 2196 nos
779 2134 879 2214 possit
902 2134 1037 2197 irrorari:
1063 2133 1180 2198 Cicero
1197 2135 1349 2199 Aciliam
1367 2136 1466 2220 legem

150 2241 244 2293 vocat
267 2229 484 2292 mitissimam
506 2228 629 2291 ratione
651 2227 732 2310 legis
754 2227 844 2289 huius
868 2228 1000 2302 atrocis,
1026 2226 1197 2291 Corneliae
1222 2228 1387 2302 nimirum
1418 2250 1468 2290 se·

150 2323 363 2387 verissimam
385 2321 544 2385 Pedianus
568 2321 660 2394 dicit,
686 2320 712 2382 si
730 2342 799 2382 eum
820 2320 1030 2383 veterioribus
1047 2333 1269 2402 comparetur,
1293 2323 1367 2408 quia
1390 2344 1468 2385 senr-

149 2437 208 2499 per
228 2415 424 2479 recentiores
445 2417 483 2476 de
513 2414 695 2495 repetundis
717 2415 805 2496 leges
826 2413 990 2494 prioribus
1013 2425 1086 2476 sum
1111 2415 1312 2493 severiores,
1338 2427 1466 2479 astatore

151 2510 274 2573 ΤιιΙΙίο.
332 2510 414 2570 Vide
443 2529 570 2591 quoque
604 2510 727 2571 Anton.
751 2507 965 2590 Augustinum
992 2519 1023 2569 et
1052 2509 1200 2571 Paullum
1227 2509 1407 2573 Manutium
1429 2511 1465 2572 de

149 2605 274 2688 legibus
297 2615 327 2667 et
348 2602 513 2685 Sigonium
540 2602 596 2664 lib.
617 2603 665 2665 Il.
692 2604 731 2663 de
753 2600 887 2664 iudiciis.
931 2601 1089 2663 Sententia
1114 2600 1284 2666 Ciceronis
1307 2604 1387 2666 haec
1403 2614 1464 2665 est:

151 2696 232 2761 Cum
257 2719 319 2781 ego
338 2698 376 2758 de
394 2696 462 2758 iure
480 2715 568 2769 meo,
594 2697 681 2780 quod
702 2694 777 2757 mihi
798 2693 949 2758 Cornelia
970 2697 1040 2770 dat,
1065 2697 1205 2773 decedo,
1227 2717 1294 2761 non
1314 2702 1362 2758 est
1382 2696 1466 2781 quod

151 2788 402 2875 conqueramini.
447 2789 522 2853 Non
544 2789 580 2850 lit
602 2790 664 2852 hoe
687 2800 797 2851 vestro
820 2792 950 2863 dainno,
976 2790 1031 2851 sed
1052 2789 1157 2870 potius
1175 2792 1360 2854 commodo.
1406 2788 1468 2851 tte-

151 2885 249 2947 stituo
267 2883 360 2947 vobis
380 2883 481 2966 legens
500 2882 666 2957 Aciliam,
691 2885 832 2956 honest,
857 2881 1005 2962 permitto
1022 2883 1238 2966 quaestionem
1258 2885 1342 2946 hane
1357 2879 1468 2945 haberi

113 2970 117 2977 ’
151 2977 223 3062 lege
244 2977 375 3050 Acilia,
401 2997 464 3039 non
485 2975 557 3059 lege
583 2975 734 3050 Servilia,
758 2996 838 3059 quae
862 2975 961 3057 prima
986 2976 1074 3053 tulit,
1100 2988 1133 3038 ut
1154 2974 1467 3058 comperendinetur,

151 3070 329 3153 quodlicet
348 3070 553 3152 abrogaverit
572 3070 626 3131 lex
647 3069 779 3144 Acilio,
803 3069 969 3132 revocavit
986 3081 1089 3132 tamen
1109 3070 1187 3132 haee
1200 3080 1298 3133 atrox
1317 3070 1372 3132 lex
1388 3067 1470 3134 Cor·

151 3164 245 3227 nclia.
290 3165 402 3228 Utram
424 3164 525 3246 legem
542 3175 633 3244 putas
653 3163 830 3226 molliorem
854 3183 940 3238 esse,
963 3162 1186 3240 Serviliamne,
1210 3163 1301 3226 cuius
1316 3161 1470 3246 permissu

151 3257 226 3321 lieet
247 3256 528 3337 comperendinare
547 3269 578 3320 et
592 3268 646 3320 tua
662 3255 790 3319 crimina
810 3256 902 3318 latius
923 3256 1084 3338 explicare
1102 3268 1133 3319 et
1147 3257 1293 3337 pluribus
1309 3254 1468 3339 persequi.
1486 3320 1490 3327 ,

151 3351 288 3415 anillam
306 3350 529 3426 vetustiorem,
554 3373 614 3434 qua
631 3350 755 3436 quidem
772 3372 830 3413 rina
846 3349 970 3412 actione
990 3371 1041 3412 res
1056 3352 1271 3435 peragebatur
1293 3361 1326 3412 et
1346 3348 1469 3429 saepius

151 3457 277 3527 peracta
301 3456 366 3520 est,
400 3446 456 3506 sed
480 3467 543 3529 qna
566 3456 670 3508 tamen
694 3444 812 3508 iudices
834 3454 983 3526 poterant
1009 3444 1173 3525 ampliare.
1217 3448 1316 3526 Ego,
1349 3441 1468 3526 pergit,

150 3539 245 3602 illam
267 3538 328 3601 tibi
349 3538 499 3603 Aciliam
524 3539 681 3602 restituo.
725 3540 791 3602 Per
810 3559 858 3600 me
880 3537 953 3599 lieet
977 3536 1074 3600 utaris
1097 3538 1169 3623 lege
1196 3537 1324 3603 Acilia.
1369 3538 1466 3610 Puto,

150 3633 214 3696 hoe
239 3644 302 3707 est,
332 3631 418 3714 linge
445 3644 499 3695 aut
523 3636 616 3696 erede
638 3654 719 3695 nunc
742 3645 772 3695 te
800 3653 924 3694 causam
948 3629 1053 3695 dicere
1080 3653 1144 3715 non
1172 3633 1232 3694 hac
1254 3625 1360 3692 atroci
1386 3624 1468 3693 Cor-

150 3724 232 3788 nelia
250 3726 340 3808 lege,
363 3745 425 3808 qua
443 3747 526 3787 nnnc
542 3746 650 3789 omnes
673 3725 781 3788 dicunt
799 3723 891 3787 huius
911 3723 1049 3788 criminis
1071 3725 1138 3801 rei,
1163 3727 1218 3788 sed
1239 3723 1294 3787 illa
1309 3719 1468 3791 mitissima

151 3818 283 3894 Acilia,
319 3838 399 3901 quae
429 3840 490 3880 una
518 3818 643 3882 actione
666 3818 833 3882 accusandi
859 3830 890 3881 et
916 3817 1130 3900 respondendi
1159 3817 1353 3882 absolvitur.
1396 3815 1468 3897 Ego

149 3934 216 3979 nnn
239 3933 370 3988 recuso,
395 3912 470 3996 quin
492 3911 611 3976 iudices
637 3916 806 3976 secundum
832 3914 936 3998 legem
957 3912 1105 3977 Aciliam
1123 3909 1189 3973 sine
1212 3907 1419 3994 ampliatione
1439 3914 1469 3968 et

111 4022 115 4031 ’
151 4004 502 4090 comperendinatione,
539 4017 589 4070 tot
620 4006 785 4070 luculentis
821 4005 1010 4070 testimoniis
1039 4007 1199 4069 furtorum
1233 4015 1265 4066 et
1295 4001 1471 4066 facinorum

152 4113 279 4165 tuorum
313 4101 449 4176 inducti,
487 4100 722 4183 pronuntiaturi
752 4100 813 4164 sint
835 4111 867 4162 et
892 4112 923 4162 te
950 4097 1126 4162 damnaturi
1155 4098 1221 4158 sinc
1253 4091 1473 4178 comperendi-

151 4194 301 4269 natione,
325 4214 416 4278 quam
435 4216 534 4271 nrrnc,
559 4206 714 4276 tamquam
731 4215 792 4276 pro
807 4205 838 4256 te
853 4193 968 4271 faciat,
992 4195 1097 4275 inepte
1109 4192 1228 4255 iactant
1248 4189 1292 4253 tui
1311 4183 1471 4269 patroni?

153 4288 317 4352 Hactenus
337 4288 507 4353 Graevius.
551 4290 618 4353 Iam
647 4285 809 4351 audiamus
837 4290 866 4351 l.
900 4291 943 4353 A.
968 4288 1149 4352 Ernestium
1178 4285 1211 4348 in
1240 4281 1346 4347 indice
1368 4281 1502 4364 legum·

154 4379 199 4442 sic
220 4381 449 4463 disputantem:
1206 4372 1220 4381 ”

240 4476 306 4555 „ln
328 4478 392 4541 hoc
413 4479 487 4544 loco
509 4477 609 4542 haesit
630 4478 834 4542 Hotomanus
857 4478 955 4541 Obss.
979 4477 1011 4540 l.
1035 4477 1087 4538 u.
1111 4472 1165 4558 qui
1187 4479 1303 4556 negat,
1327 4465 1473 4535 Aciliam

155 4563 232 4636 „hie
248 4567 354 4631 locum
377 4570 513 4647 mnam
536 4572 567 4634 in
591 4572 681 4635 cuius
702 4571 878 4636 rationibus
901 4570 1082 4634 refellendis
1106 4569 1223 4650 longus
1245 4575 1295 4627 eat
1316 4559 1472 4661 Graevius

155 4651 199 4727 ..ti
220 4653 306 4724 niro
328 4664 366 4723 ad
387 4663 409 4727 1.
433 4685 464 4727 c.
509 4665 620 4730 Omnis
651 4666 825 4730 Hotomani
853 4663 1024 4746 disputatio
1058 4664 1121 4727 hoc
1151 4681 1217 4724 uno
1245 4655 1412 4724 concinet.
1447 4672 1472 4712 ὅ·

159 4752 324 4833 „probare
348 4757 520 4836 poterimus
544 4758 663 4837 doctis,
698 4759 810 4824 salsum
834 4779 920 4834 esse,
955 4760 1042 4841 quod
1065 4756 1166 4843 volgo
1192 4772 1303 4819 ornnes
1327 4756 1468 4819 samum,
