3202 5318
692 306 844 373 munx
864 304 1048 372 nucina.
1122 287 1123 290 ‘

660 497 840 560 'Sermusa
862 493 1059 560 iudiciaria.

291 639 467 716 ,Claudios
495 635 776 723 (procuratoribus
797 635 875 716 sitis)
906 657 998 700 omne
1019 634 1068 728 ius
1090 632 1237 709 tradidit,
1269 637 1394 721 dequo
1417 637 1537 703 totiens

206 735 363 802 seditione
391 746 445 798 aut
474 732 569 796 arinis
595 743 766 810 certatum,
801 751 872 794 cum
902 727 1101 812 Semproniis
1130 728 1357 813 rogationibus
1386 744 1538 817 equester

208 833 291 905 ordo
317 829 350 893 in
380 827 585 913 possessione
607 824 796 890 indiciorum
818 825 996 899 locaretur,
1030 834 1083 884 arat
1109 844 1236 886 rursum
1259 824 1427 889 Seruiliae
1449 827 1538 913 leges

206 923 329 989 senatui
350 923 465 987 indicia
487 924 674 997 redderent,
700 920 891 1002 Mariusque
913 928 945 982 et
963 917 1051 982 Sulla
1074 917 1149 982 olim
1172 919 1212 980 de
1234 938 1274 982 en
1298 919 1356 980 vel
1364 920 1539 1007 praecipue

164 1010 167 1015 ¹
206 1018 399 1084 bellarent.'‘
444 1016 549 1082 Tacit.
572 1016 660 1080 Anu.
682 1015 767 1083 XII.
791 1015 843 1076 50.

292 1113 483 1188 ,Offensum
506 1121 571 1184 est,
594 1111 683 1191 quod
701 1129 830 1183 eorum,
864 1105 920 1191 qui
936 1102 1093 1180 audiunt,
1122 1105 1318 1171 voluntatem
1343 1105 1458 1184 laedit,
1490 1120 1536 1191 ut,

204 1204 233 1277 si
254 1204 325 1291 quis
342 1208 433 1289 ¹apud
455 1204 576 1287 equites
600 1205 766 1268 Romanos
787 1199 921 1282 cupidos
947 1199 1101 1263 iudicandi
1115 1199 1300 1289 Caepionis
1320 1199 1428 1284 legem
1448 1200 1538 1266 iudi·

204 1300 351 1366 ciariam
374 1297 513 1363 laudet.'’
557 1300 596 1362 de
620 1297 746 1360 lavent.
771 1297 800 1360 l.
825 1296 884 1372 49,
912 1295 965 1360 92.

225 1456 229 1461 .
268 1391 398 1468 ...Cum
419 1393 541 1456 Brutus
563 1394 643 1456 duos
666 1392 804 1454 lectores
826 1387 1015 1465 excitasset,
1039 1399 1071 1452 et
1093 1388 1184 1452 alteri
1207 1390 1245 1451 de
1266 1387 1391 1454 colonia
1409 1390 1536 1457 Narbo·

204 1489 296 1554 nensi
318 1483 429 1554 Crassi
454 1485 632 1552 orationem
656 1485 821 1570 legendam
844 1483 998 1560 dedisset,
1033 1483 1124 1546 alteri
1147 1485 1184 1546 de
1210 1483 1282 1567 lege
1304 1482 1472 1561 Servilia,
1506 1498 1536 1550 et

205 1603 276 1647 curn
305 1581 466 1646 contraria
493 1581 575 1645 inter
600 1601 669 1644 sese
694 1581 732 1642 de
759 1600 794 1641 re
822 1578 950 1662 publica
983 1578 1088 1660 capita
1118 1577 1320 1652 contulisset;
1353 1591 1466 1643 noster
1486 1582 1537 1645 bic

204 1673 394 1741 facetissime
409 1688 474 1740 tres
490 1674 592 1758 patris
608 1673 700 1740 Bruti
717 1675 755 1736 de
770 1674 840 1738 iure
855 1673 942 1736 civili
964 1672 1089 1738 libellos
1109 1673 1211 1736 tribus
1234 1671 1389 1758 legendos
1413 1674 1535 1740 dedit.”

205 1771 245 1834 de
268 1768 364 1834 Orat.
387 1769 435 1835 Il.
459 1773 516 1848 55,
542 1770 615 1834 223.

290 1864 373 1947 „(L.
397 1862 549 1942 Crassus)
571 1864 603 1928 in
626 1864 823 1928 dissuasione
843 1861 1021 1946 rogationis
1038 1861 1121 1937 eius,
1145 1883 1227 1945 quae
1242 1873 1356 1926 contra
1376 1864 1536 1930 coloniam

204 1956 450 2023 Narbonensem
464 1958 648 2035 serebatur,
667 1970 818 2043 quantum
837 1968 961 2041 potest,
978 1959 1016 2020 de
1032 1957 1221 2021 auctoritate
1236 1969 1364 2020 senatus
1380 1960 1536 2024 detrabit:

210 2051 242 2117 in
260 2052 409 2118 suasione
425 2052 504 2139 legis
522 2053 688 2119 Seruiliae
706 2052 835 2116 summis
854 2065 946 2116 ornat
962 2063 1104 2115 senatum
1123 2050 1302 2115 laudibus.''
1325 2072 1388 2135 pro
1406 2052 1536 2119 Cluent.

208 2146 267 2225 51,
299 2149 373 2211 110.
656 2145 658 2149 ’

291 2243 433 2327 „quue
463 2243 518 2324 (Q.
540 2242 655 2308 Mucio
679 2242 848 2324 Scaevola)
876 2241 906 2306 in
931 2240 1059 2308 Rostris
1081 2243 1212 2306 sedente
1234 2240 1332 2305 sttasit
1355 2243 1537 2308 Seruiliam

205 2339 309 2423 legem
332 2333 506 2402 Crassus.”
550 2339 644 2402 Brut.
672 2339 728 2414 tt,
755 2337 825 2402 151.

291 2430 400 2513 ,Mihi
421 2431 548 2517 quidem
571 2453 588 2495 a
610 2431 747 2515 pueritia
771 2432 861 2516 quasi
881 2431 1030 2517 magistra
1050 2430 1126 2510 suit,
1151 2430 1296 2515 iuquam,
1320 2431 1374 2495 illa
1396 2427 1535 2516 (Crassi)

186 2525 238 2592 ”in
260 2525 365 2610 legem
389 2527 572 2611 Caepionis
595 2527 734 2591 oratio.'’
779 2528 872 2593 Brut.
895 2528 953 2602 tt,
979 2529 1053 2589 tot.

291 2620 365 2696 „De
389 2622 504 2685 horum
528 2619 652 2702 (Crassi
675 2633 706 2684 et
729 2621 877 2701 Antonii)
899 2610 1043 2684 laudibus
1061 2620 1116 2684 tibi
1132 2642 1265 2703 prorsus
1281 2621 1457 2700 assentior,
1481 2627 1535 2688 sed

204 2727 308 2779 tamen
333 2736 398 2779 nnn
423 2715 486 2780 isto
513 2718 630 2791 modo,
655 2727 689 2777 ut
711 2716 871 2795 Polycleti
894 2715 1128 2798 Doryphorum
1150 2714 1209 2778 sibi
1232 2715 1395 2798 Lysippus
1419 2718 1532 2795 aiebat,

204 2806 252 2873 sic
272 2820 307 2872 tu
329 2807 504 2872 suasionem
528 2808 609 2894 legis
631 2809 796 2874 Seruiliae
818 2809 875 2871 tibi
902 2810 1080 2894 magistram
1103 2807 1233 2873 suisse.”
1256 2810 1352 2873 Brut.
1376 2811 1435 2886 85,
1459 2813 1532 2876 995.

290 2905 371 2967 Lata
396 2915 443 2967 est
466 2926 483 2967 a
506 2907 548 2986 Q.
574 2904 720 2968 Seruilio
740 2903 910 2987 Caepione
933 2903 963 2964 in
989 2904 1156 2966 consulatu
1179 2925 1209 2966 a.
1233 2925 1265 2966 u.
1291 2903 1364 2970 (adl.
1408 2907 1532 2981 Sauxit,

205 3009 240 3061 ut
261 2995 396 3076 iudicia,
422 3019 502 3084 quae
518 2998 639 3063 XVII.
660 2997 748 3060 aunis
764 3010 836 3059 aute
857 2999 929 3082 lege
946 2998 1166 3080 Sempronia,
1191 3021 1207 3059 a
1224 3011 1335 3061 senatu
1352 3000 1391 3061 ad
1412 3000 1534 3085 equites

204 3091 355 3156 translata
379 3104 504 3167 essent,
539 3092 666 3175 utrique
692 3090 796 3154 ordini
818 3090 996 3156 communia
1022 3103 1139 3154 essent.
1185 3093 1279 3174 [Vid.
1303 3095 1404 3159 lulius
1428 3095 1535 3162 Obse-

206 3204 315 3272 quens.
336 3197 367 3249 et
398 3184 586 3251 Cassiodori
616 3184 804 3251 Chronicou
834 3188 873 3248 ad
903 3183 1061 3249 Consules
1085 3184 1126 3251 C.
1151 3187 1283 3250 Atilium
1308 3190 1482 3252 Serranum
1505 3200 1536 3251 et

205 3280 250 3363 Q.
270 3280 439 3345 Servilium
452 3279 686 3366 Caepionem]
705 3281 767 3342 Sed
789 3300 855 3341 eam
879 3280 981 3364 legem
1002 3291 1054 3341 aut
1077 3302 1139 3344 non
1156 3281 1329 3362 perlatam,
1354 3293 1409 3345 aut
1425 3284 1534 3366 paullo

203 3385 281 3459 post
311 3375 499 3459 abrogatam
528 3374 641 3448 luisse,
677 3394 718 3436 ex
748 3373 872 3456 Sigonii
903 3374 1072 3451 sententia,
1109 3375 1180 3437 inde
1209 3377 1412 3462 intelligitur,
1448 3381 1534 3461 quod

204 3469 314 3554 paullo
341 3481 415 3552 pust
445 3468 525 3531 idem
552 3468 621 3530 tulit
649 3468 700 3532 M.
726 3466 839 3529 Livius
863 3467 1004 3544 Drusus,
1031 3482 1061 3531 et
1087 3471 1211 3553 quidem
1235 3466 1405 3535 incassum.¹
1451 3474 1533 3535 Vide

203 3561 315 3649 Leg'es
336 3563 465 3627 Liuias.
512 3562 574 3623 Sed
596 3562 734 3624 certiore
757 3573 945 3646 argrtnrento
969 3563 1068 3634 decidi
1093 3585 1127 3625 ea
1156 3586 1208 3626 res
1231 3576 1350 3646 potest.
1394 3563 1434 3629 C.
1458 3568 1533 3629 Ser·

205 3659 299 3723 vilius
321 3658 454 3721 Glaucia
477 3656 589 3719 dicitur
605 3679 658 3740 ap.
679 3655 869 3720 Ciceronem
889 3657 919 3719 in
938 3658 1039 3721 Bruto
1064 3659 1138 3741 [bl.
1164 3660 1241 3722 224:
1267 3663 1409 3745 „Longe
1429 3675 1530 3724 autem

204 3763 282 3837 post
303 3763 395 3816 natos
417 3750 561 3815 homiues
583 3751 835 3833 improbissimus
858 3754 895 3815 0.
912 3753 1076 3815 Servilius
1094 3754 1256 3828 Glaucia,
1281 3757 1336 3816 sed
1359 3767 1529 3836 peracutus

205 3859 236 3911 et
259 3846 391 3910 callidus
414 3866 483 3908 cum
501 3845 675 3929 primisque
698 3846 861 3908 ridiculus.
907 3847 938 3910 ls
961 3867 1000 3908 en
1023 3846 1152 3910 summis
1172 3858 1202 3910 et
1224 3847 1375 3912 fortunae
1391 3859 1424 3911 et
1449 3848 1529 3911 vitae

204 3938 354 4009 sordibus
376 3941 407 4003 in
429 3953 577 4023 praetura
597 3940 709 4004 consul
727 3939 830 4002 lactus
851 3953 951 4015 esset,
983 3940 1009 4003 si
1030 3941 1182 4005 rationem
1207 3942 1274 4005 eius
1297 3942 1409 4006 baberi
1436 3943 1530 4006 licere

205 4035 372 4103 iudicatum
398 4047 493 4099 esset.
537 4036 618 4098 Natu
647 4046 678 4096 et
702 4034 826 4116 plebem
851 4037 977 4097 tenebat
1001 4047 1032 4099 et
1044 4048 1238 4120 sequestrem
1268 4038 1412 4101 ordinem
1435 4038 1532 4100 bene-

203 4130 278 4196 licio
301 4130 383 4217 legis
409 4128 643 4210 devinxerat.'‘]
666 4140 756 4192 certo
778 4130 991 4207 consulatum,
1014 4152 1097 4194 anno
1121 4142 1195 4212 post
1220 4144 1421 4213 praeturam,
1447 4134 1533 4218 quod

204 4227 277 4312 lege
293 4236 465 4314 rogaverat
480 4225 623 4287 tribunus
640 4222 743 4305 plebis
758 4223 962 4298 Saturninus,
988 4246 1016 4290 a.
1033 4247 1065 4287 u.
1084 4226 1157 4289 553.
1174 4239 1404 4289 consecuturus
1420 4224 1532 4299 luisse,

204 4320 264 4385 nisi
286 4321 470 4385 interiectus
496 4331 595 4393 esset,
619 4320 706 4401 quod
732 4329 910 4400 equestrem
937 4317 1079 4382 ordinem
1108 4319 1263 4383 beneficio
1288 4320 1368 4405 legis
1392 4320 1534 4382 obstrin-

204 4415 317 4480 xisset.
360 4416 432 4496 Qua
455 4426 558 4478 autem
580 4411 638 4476 alia
662 4410 766 4493 potuit
789 4409 847 4473 nisi
867 4411 1077 4477 iudiciaria?
1099 4415 1181 4476 Nam
1203 4416 1302 4477 altera
1318 4415 1359 4476 de
1374 4425 1534 4497 repetun-

98 4571 102 4584 ,
205 4506 259 4573 dia
281 4509 356 4573 nibil
379 4513 417 4573 ad
440 4510 607 4572 commoda
630 4505 789 4592 equitum,
814 4505 867 4590 qui
887 4509 950 4570 boc
971 4528 1088 4592 genere
1110 4506 1216 4590 legurm
1241 4528 1305 4572 non
1328 4509 1532 4572 tenebantur.

204 4600 318 4685 ltaque
348 4603 554 4669 certissimum
581 4616 680 4686 puto,
714 4600 879 4665 Serviliam
903 4599 1075 4686 Caepionis
1098 4603 1234 4666 Servilia
1258 4603 1410 4668 Glauciae
1437 4605 1534 4667 abro-

205 4704 317 4781 gatam
335 4717 422 4773 esse,
452 4711 498 4774 et,
530 4718 611 4781 quae
633 4697 861 4761 communicata
888 4719 957 4760 cum
984 4708 1093 4760 senatu
1120 4696 1233 4760 iudicia
1257 4709 1366 4775 erant,
1392 4720 1428 4763 ea
1454 4698 1532 4763 solis

205 4776 363 4875 equitibus
385 4791 529 4855 restituta
552 4811 592 4855 eo
614 4789 685 4874 ipso
709 4812 811 4867 anno,
835 4811 904 4875 quo·
921 4788 1007 4854 illam
1031 4790 1159 4854 alteram
1176 4791 1217 4856 de
1232 4792 1431 4878 repetundis
1446 4792 1528 4868 tulit,
