3202 5318
634 341 786 411 tubex
805 342 987 411 LEGUM.
1196 288 1201 307 ·
1412 349 1472 416 197

152 484 297 550 leolirtes
327 482 564 569 hingestellte¹l
594 488 714 551 Gesetz
745 485 776 548 in
803 485 872 549 eine
901 488 1013 552 wahre
1034 487 1224 552 historischc
1247 489 1471 577 Anlrniipl'ung

150 601 189 642 an
220 581 270 643 die
298 578 430 642 l'riihern
455 579 593 643 Genetze
623 582 686 642 und
715 600 754 643 an
782 579 832 644 die
856 582 1069 645 bestebenden
1091 581 1296 648 blientlichen
1317 587 1470 650 Verhia'lt·

146 675 231 739 nisse
252 684 379 756 gesetzt
399 672 531 751 wirnt).

229 769 393 832 Hactenus
423 768 657 831 Waecbterus:
693 767 747 852 qui
777 764 923 832 videatur
952 767 1044 833 etiam
1075 771 1115 833 ad
1142 770 1231 855 leges
1260 772 1408 866 Plotium
1436 784 1470 839 el

143 863 344 949 Pompeiam
364 864 406 928 de
426 863 472 927 vi.
904 859 909 869 ’

364 1025 483 1088 Iuniae
505 994 654 1089 casnm
676 1035 815 1088 mortuo
835 1045 859 1087 o
879 1025 935 1089 M.
957 1023 1113 1090 Antonio
1126 1023 1248 1104 sexos.

226 1145 503 1229 ,inspectantibus
532 1143 626 1209 vobis
659 1156 731 1210 toto
767 1143 933 1228 Capitolio
962 1146 1089 1210 tabulae
1124 1146 1323 1233 figebantur,
1364 1170 1468 1232 neque

143 1241 245 1308 solum
261 1240 392 1327 singulis
407 1239 557 1304 venibant
572 1238 797 1315 immunitates,
820 1242 876 1302 sed
897 1238 991 1304 etiam
1008 1241 1135 1323 populis
1158 1240 1330 1306 universis:
1354 1241 1468 1309 civitas

143 1358 209 1402 non
230 1335 291 1401 iam
314 1334 510 1422 singillatim,
535 1336 591 1398 sed
612 1333 788 1417 provinciis
811 1332 888 1398 totis
910 1335 1077 1399 dabatur.’'
1106 1335 1251 1418 Philipp.
1269 1336 1318 1401 11.
1336 1337 1393 1416 36,
1411 1338 1465 1403 92.

312 1495 367 1560 De
389 1517 473 1558 arna
496 1495 688 1558 Detorauo.

229 1617 333 1693 ,Sunt
361 1639 397 1681 ea
426 1616 551 1701 quidem
574 1615 828 1692 innumerabilia,
864 1638 945 1701 quiae
967 1638 986 1680 a
1008 1615 1143 1681 diversis
1166 1619 1367 1694 emebantur,
1400 1638 1466 1682 non

144 1712 297 1777 insciente
326 1724 377 1776 tec
411 1715 466 1774 sed
496 1732 590 1773 unnm
620 1710 785 1794 egregium
815 1712 857 1775 de
885 1735 968 1796 rege
995 1712 1163 1777 Deiotaro
1193 1712 1302 1795 populi
1330 1710 1466 1777 Romani

144 1807 334 1871 amicissimo
356 1809 517 1869 decretum
537 1804 569 1868 in
594 1802 758 1888 Capitolio
780 1806 914 1870 flsriml’
958 1805 1101 1890 Philipp.
1125 1807 1175 1873 Il.
1195 1806 1254 1884 37,
1278 1808 1332 1873 98.
1369 1805 1468 1873 Coni.

144 1906 183 1966 ad
204 1904 277 1967 Att.
301 1902 401 1966 xlv.
428 1901 483 1976 12,
513 1902 545 1963 1.

311 2062 366 2127 De
388 2060 519 2127 Cantas.

227 2186 365 2266 ,Naiper
384 2184 448 2246 fixa
471 2182 578 2245 tabula
601 2194 666 2258 est,
702 2203 763 2266 qua
791 2183 937 2246 civitates
967 2182 1236 2267 locupletissimae
1264 2182 1464 2250 Cretensium

141 2278 335 2354 liberantur,
364 2277 597 2360 statuiturque,
629 2297 669 2338 ne
697 2289 772 2358 post
804 2277 856 2340 Μ.
886 2277 1019 2340 Brutum
1046 2280 1270 2360 proconsulem
1298 2276 1340 2340 sit
1366 2275 1465 2342 Creta

142 2373 322 2458 provincia.
368 2375 419 2436 Tu
444 2370 554 2434 mentis
581 2391 615 2433 es
639 2368 795 2451 compos?
830 2381 865 2433 tu
893 2390 957 2435 non
979 2370 1269 2455 constringendus?
1306 2373 1357 2435 An
1381 2368 1466 2435 Cae·

143 2469 221 2533 saris
243 2471 375 2532 decreto
401 2466 496 2530 Creta
519 2475 593 2548 post
617 2465 668 2527 M.
693 2463 787 2528 Bruti
810 2466 971 2527 decessum
992 2464 1096 2545 potuit
1112 2466 1256 2541 liberari,
1282 2485 1351 2526 cum
1368 2463 1464 2530 Creta

143 2562 218 2626 nihil
241 2563 281 2625 ad
302 2561 436 2624 Brutrun
460 2559 601 2624 Caesare
624 2556 946 2640 vivopcrtinerctP’
970 2556 1112 2642 Philipp.
1135 2560 1180 2624 ΙΙ.
1201 2559 1259 2635 88,
1284 2561 1336 2623 97.

311 2720 365 2785 Dr:
389 2738 576 2782 sasnnrsus.

228 2844 299 2926 „Et
321 2842 363 2906 tie
384 2840 564 2905 exsulibus
585 2841 708 2926 legem,
732 2862 825 2925 quam
852 2840 967 2918 haisti,
998 2838 1120 2907 Caesar
1141 2843 1223 2906 tulit.
1268 2842 1394 2906 Nullius
1415 2842 1464 2907 in·

142 2950 250 3004 sector
272 2937 496 3000 calamitatem:
532 2947 651 2997 tantum
675 2956 811 3016 (atteror,
835 2935 969 3015 primum
994 2958 1104 3000 eorum
1128 2937 1245 3000 reditus
1268 2937 1462 3020 inquinatos,

141 3054 277 3118 quorum
300 3052 425 3095 calisam
450 3028 571 3094 Caesar
591 3029 770 3092 dissimilem
793 3028 957 3103 iudicarit;
980 3029 1090 3093 deinde
1112 3031 1220 3095 nescio
1235 3051 1292 3095 cur
1307 3053 1370 3096 non
1386 3031 1464 3095 reli·

140 3128 209 3214 quis
238 3126 321 3190 idem
348 3127 481 3188 tribuas.
529 3126 641 3208 Neque
667 3123 747 3186 enim
776 3124 845 3205 plus
872 3147 964 3207 quiam
991 3138 1056 3188 tres
1084 3137 1136 3187 aut
1165 3138 1315 3209 quattuor
1348 3125 1463 3207 reliqui

139 3223 246 3286 snnt.”
290 3220 432 3303 Philipp.
456 3220 504 3284 11.
528 3220 585 3294 88,
608 3219 661 3282 98.
696 3217 740 3282 cl.
763 3217 906 3301 Philipp.
933 3220 977 3283 V.
1001 3221 1037 3294 t,
1065 3223 1116 3283 11.

306 3381 360 3444 Dr.
383 3382 527 3443 Stcunts.

224 3505 339 3585 „Ecce
360 3515 462 3564 autem
487 3497 645 3564 Antonius
668 3511 796 3580 accepta
821 3501 930 3584 grandi
953 3502 1084 3582 pecunia
1108 3501 1179 3566 fixit
1200 3504 1300 3589 legem
1324 3526 1341 3568 a
1362 3503 1461 3568 dicta·

141 3608 211 3662 tore
226 3595 361 3662 comitiis
378 3598 489 3668 latam,
514 3616 575 3678 quta
593 3593 692 3657 Siculi
714 3593 802 3657 cives
824 3595 982 3658 Romani:
1008 3595 1095 3659 cuius
1112 3597 1158 3660 rei
1175 3599 1252 3661 vivo
1271 3600 1326 3663 illo
1345 3600 1460 3663 mentio

140 3692 235 3758 anila.
280 3689 388 3770 Quid?
421 3688 567 3752 Deiotari
595 3687 696 3752 nostri
724 3709 817 3750 caum
844 3710 906 3750 non
935 3689 1067 3753 similis?
1098 3691 1225 3775 Dignus
1255 3693 1307 3755 ille
1335 3693 1459 3777 quidem

140 3786 225 3851 omni
261 3806 383 3869 regno,
421 3785 477 3847 sed
511 3803 573 3846 non
605 3802 665 3865 per
699 3783 857 3846 Fulviam.
904 3783 1059 3846 Sescenta
1092 3783 1237 3849 similia.”
1282 3788 1322 3848 ad
1354 3785 1457 3850 Attio.

139 3881 241 3945 xlv.
267 3881 324 3955 12,
351 3882 381 3943 1.

209 4145 236 4209 ¹)
263 4142 332 4201 usn
357 4142 427 4199 sebe
450 4159 478 4197 a.
501 4140 536 4198 B.
565 4159 623 4198 nnr
649 4138 834 4218 Sigonius
861 4140 897 4198 de
924 4140 1042 4200 iudiciis
1070 4141 1177 4203 1133.
1218 4138 1455 4198 Heineccins

133 4232 316 4307 antiquitati.
338 4226 425 4284 Roth.
450 4237 492 4285 10.
515 4232 560 4285 18.
582 4229 606 4295 i.
629 4231 676 4286 68.

204 4317 231 4382 ²)
258 4312 299 4370 Es
319 4314 387 4369 sind
408 4312 508 4380 Viclc,
537 4312 650 4368 ivelchc
674 4321 762 4368 uuter
781 4309 936 4389 Beruinng
957 4313 1009 4369 ani
1031 4311 1077 4368 die
1104 4310 1311 4388 ansgebobene
1335 4310 1458 4370 Cicero-

131 4400 287 4460 aisnische
306 4397 398 4456 Stellc
420 4399 502 4454 nicht
524 4400 590 4454 eine
611 4396 659 4454 lex
681 4401 816 4453 Caesaris
835 4398 867 4448 de
888 4405 935 4464 vi,
963 4399 1095 4453 sondern
1120 4401 1186 4454 eine
1207 4397 1256 4454 lex
1275 4402 1407 4453 Caesaris
1424 4399 1458 4452 de

130 4494 161 4543 m
180 4496 215 4539 et
236 4491 436 4538 molestare
457 4484 513 4558 (als
534 4484 594 4538 cin
615 4483 736 4550 Genera)
757 4482 941 4546 annchmen,
964 4501 992 4536 z.
1018 4481 1052 4537 B.
1076 4481 1236 4537 Ernesti
1258 4481 1349 4540 clauis
1370 4483 1457 4543 Cice-

131 4591 197 4631 rnn.
222 4589 250 4625 v.
274 4569 322 4625 lex
342 4567 397 4624 lul.
420 4566 455 4623 de
478 4571 505 4624 vi
526 4578 555 4623 et
574 4568 643 4624 mai.
672 4565 770 4623 Bsch
798 4566 904 4622 histor.
933 4566 1056 4640 inrispr.
1079 4566 1114 4621 tt:
1137 4565 1183 4622 ed.
1206 4563 1401 4625 Stncltmsnn.
1424 4590 1454 4646 p.

133 4660 197 4716 193.
239 4652 338 4709 Allein
360 4652 467 4710 Cicero
487 4662 589 4709 trennt
609 4655 652 4726 ja,
675 4654 732 4707 wie
752 4669 805 4706 aus
826 4652 892 4706 dem
912 4648 989 4706 oben
1010 4651 1215 4726 Angciiihrten
1236 4653 1358 4722 erhellt,
1380 4675 1457 4731 gana

131 4737 284 4799 heatimmt
310 4737 358 4794 die
378 4738 426 4795 lex
445 4738 479 4791 de
497 4745 528 4791 su·
548 4756 609 4795 ann
627 4736 682 4794 der
700 4736 749 4793 lex
768 4736 802 4788 ds
822 4741 969 4787 maiestate
989 4734 1051 4793 und
1069 4737 1185 4812 sprieht
1203 4756 1265 4796 non
1283 4741 1362 4812 leges
1380 4739 1458 4798 cst.

132 4828 210 4884 saris
232 4821 293 4882 nod
314 4841 374 4882 ron
394 4825 466 4877 duae
484 4823 565 4899 leges
585 4822 647 4879 nnd
666 4821 737 4874 mae
757 4823 959 4902 quaestiones.
