3202 5318
226 290 289 358 tut
707 286 859 355 INDEX
877 284 1061 353 LEGUM.

224 433 401 520 postulari,
424 442 457 497 et
477 436 515 497 de
534 431 654 497 ambitu
674 441 707 494 st
724 433 763 495 de
785 428 958 496 sodaliciis.
1001 422 1110 513 Atque
1123 426 1238 492 lartum
1254 428 1318 491 boc
1335 447 1450 491 revera
1468 422 1549 492 uon·

224 550 395 609 numquam
414 547 502 605 esse,
524 537 652 590 veteres
666 523 842 608 scriptores
861 520 1031 587 memoriae
1052 521 1274 601 prodiderunt.
1318 521 1367 584 lta
1384 522 1546 587 Asconius

225 623 384 690 Pedianus
398 620 429 684 in
445 624 529 705 Arg.
545 640 598 685 or.
614 620 688 687 Mil.
702 641 737 703 p.
754 620 827 685 190.
844 621 895 682 ed.
912 619 1022 702 Lugd.
1037 628 1069 680 et
1082 638 1117 698 p.
1130 617 1205 679 205.
1222 617 1270 698 [p.
1283 616 1325 678 40
1339 628 1370 680 et
1381 638 1415 699 p.
1427 619 1483 682 st.
1495 619 1548 681 ed.

224 715 323 799 Bau]
366 715 525 780 Milonem
558 726 592 779 et
624 716 664 777 de
696 713 817 778 ambitu
844 725 876 776 et
903 714 942 775 de
972 709 1135 775 sodaliciis
1166 721 1198 773 et
1224 713 1262 772 de
1294 709 1327 773 vi
1352 724 1551 775 accrassatum

222 810 332 875 scribit
355 830 437 878 esse.
482 809 570 873 Idem
592 808 661 872 sine
683 807 780 872 dubio
797 808 849 873 M.
871 807 1042 871 Messallae
1064 803 1192 879 accidit,
1217 803 1273 888 qui
1296 811 1366 867 cum
1388 826 1463 870 rens
1485 828 1553 869 am·

222 904 309 968 bitus
339 914 421 968 esset
445 902 549 969 lactura
576 914 608 966 et
633 902 769 984 turpiter
794 900 931 965 iudicum
964 898 1127 964 sententiis
1159 900 1341 973 absolutus,
1376 903 1552 982 postmodo

221 998 296 1085 lege
322 997 446 1062 Licinis
470 1000 509 1061 de
533 996 692 1061 sodaliciis
716 995 897 1078 postulatus
926 1005 986 1058 est.
1031 995 1112 1058 Nam
1136 991 1168 1055 in
1195 994 1280 1055 hrruc
1302 1014 1427 1057 sensum
1451 996 1552 1060 rnsni·

221 1093 307 1159 letto
333 1091 518 1176 accipiundi
542 1089 633 1156 Caeli
656 1092 755 1155 verba
775 1102 863 1165 sunt,
889 1110 971 1174 quae
993 1087 1025 1151 in
1047 1085 1142 1170 epist.
1162 1089 1201 1151 ad
1217 1087 1407 1153 Ciceronem
1429 1089 1551 1171 scripta

222 1188 276 1265 (ad
302 1186 380 1251 Diu.
411 1186 513 1250 VIII.
536 1185 580 1264 2.)
608 1185 775 1267 legunturt
807 1183 902 1269 Quid
922 1183 1011 1247 alias
1029 1182 1161 1265 purast
1192 1182 1401 1247 elamoribus
1422 1181 1551 1247 scilicet

221 1280 399 1344 mutuis
412 1279 544 1344 iudices
554 1278 816 1364 corripueruntt
836 1289 871 1342 et
885 1276 1125 1349 ostenderunt,
1141 1278 1242 1359 plane
1257 1299 1331 1340 esse
1345 1275 1551 1368 quodferri

221 1394 291 1438 non
304 1384 435 1459 posset.
479 1377 630 1459 Itaque
657 1372 840 1437 relictus
869 1375 963 1456 lege
984 1369 1158 1435 Licinia
1185 1371 1347 1435 maiore
1368 1392 1461 1435 esse
1481 1392 1549 1453 pe·

221 1467 365 1533 riculo
385 1468 572 1532 uidetur.
616 1470 731 1551 Neque
760 1467 841 1529 enim
869 1467 1008 1531 relictus
1036 1464 1091 1528 hio
1116 1475 1224 1547 potest
1251 1486 1322 1529 esse
1349 1466 1547 1538 absolutus,

223 1582 288 1646 quo
310 1583 414 1626 seusu.
432 1561 598 1626 Mauritius
627 1561 829 1645 Kortiusque
856 1571 1060 1640 acceperunt.
1106 1559 1238 1621 Sensum
1264 1571 1352 1622 recte
1380 1557 1549 1640 perspexit

222 1657 409 1732 Ernestius,
444 1655 499 1742 qui
524 1677 586 1738 pro
616 1658 690 1740 lege
719 1655 854 1720 Licinia
881 1654 1082 1719 scribendum
1111 1653 1182 1739 legi
1209 1653 1361 1719 Liciniae
1389 1653 1487 1740 idque
1510 1655 1549 1716 ad

220 1750 361 1815 relictus
381 1748 585 1814 referendum
607 1749 744 1834 putarit.

305 1846 389 1909 Post
421 1866 476 1922 ea,
511 1865 592 1928 quae
626 1841 852 1926 exposuimus,
883 1842 934 1907 vel
964 1854 1080 1924 sponte
1113 1843 1333 1925 intellegetur,
1369 1863 1434 1906 non
1461 1852 1550 1905 recte

222 1937 403 2002 Mauritium
427 1940 466 2001 de
488 1938 597 2023 Legg.
622 1940 721 2003 Ilum.
745 1959 775 2002 c.
798 1937 852 2001 00.
876 1937 948 2022 lege
970 1939 1009 1999 de
1032 1935 1192 2002 sodaliciis
1219 1937 1281 2000 lata
1305 1936 1459 1999 sancitum
1479 1957 1550 2000 esse

221 2029 344 2108 dicere,
380 2032 523 2119 nequis
552 2031 660 2097 enirm
690 2031 918 2117 magistratus
938 2031 1151 2114 adipiscendi
1171 2052 1310 2107 caussa,
1343 2030 1551 2116 similiterque

220 2124 404 2191 Ernestium
434 2147 561 2202 errare,
593 2125 704 2209 quiin
727 2127 814 2211 Arg.
836 2147 887 2190 or.
910 2126 1100 2189 Planciauae
1127 2127 1205 2190 haec
1227 2123 1410 2207 scripserit:
1449 2125 1550 2206 „Qua

220 2219 276 2283 ille
297 2218 469 2305 ignominis
495 2231 662 2285 conmotus
685 2219 852 2286 Plancium
874 2241 915 2282 ex
940 2219 1012 2302 legc
1039 2218 1162 2283 Licinia
1184 2220 1226 2283 de
1248 2218 1441 2293 sodaliciis,
1466 2218 1499 2284 b.
1518 2240 1549 2282 e.

220 2312 415 2379 coitionibus
436 2316 476 2377 ad
497 2317 738 2399 corrrrmpenda'
752 2314 863 2397 populi
887 2312 1040 2398 suffragia
1065 2313 1158 2377 lactis
1180 2317 1264 2392 (nam
1287 2334 1422 2397 quorum
1449 2333 1549 2394 opera

220 2407 325 2472 tribua
339 2410 645 2492 corrumpebantur,
670 2410 796 2473 sodales
811 2421 841 2473 et
852 2422 1034 2494 sequestres
1053 2408 1257 2484 dicebantur,
1276 2408 1341 2472 rid.
1356 2428 1419 2489 pro
1435 2404 1548 2473 Caelio

219 2523 251 2566 c.
276 2505 323 2581 l.)
344 2503 538 2579 sccussrvit,
563 2506 650 2588 quod
670 2502 753 2566 inter
774 2503 910 2568 ambitus
929 2504 1059 2569 crimina
1082 2502 1313 2588 gravissumum
1335 2503 1419 2566 est.”

305 2597 377 2661 Nisi
404 2598 491 2662 forte
521 2600 615 2662 ambo
644 2597 675 2660 iu
704 2619 745 2662 eo
767 2610 886 2662 tautum
908 2610 1099 2682 peccarunt,
1134 2599 1223 2682 quod
1246 2597 1377 2659 uerbum
1400 2596 1547 2661 coeundi

219 2702 252 2756 et
271 2691 432 2756 coitionis
452 2691 536 2756 laiso
556 2712 652 2755 seusu
676 2705 886 2774 rssrsrparunt,
911 2695 1055 2776 idemque
1071 2691 1255 2756 coitionem
1272 2694 1359 2775 quod
1377 2691 1548 2756 sodalicius

220 2785 402 2871 significare
424 2785 638 2851 crediderunt.
683 2785 781 2866 ernd
812 2786 886 2849 mihi
919 2808 959 2850 eo
987 2785 1186 2870 probabilius
1207 2785 1351 2858 videtur,
1386 2804 1458 2848 curn
1481 2786 1546 2848 Er·

220 2879 338 2942 nestius
359 2880 389 2943 in
414 2877 510 2943 cuv.
535 2877 606 2944 Cic.
628 2878 722 2942 etiam
747 2879 808 2942 rim
830 2879 965 2944 nominis
986 2880 1145 2968 coitionis
1161 2901 1225 2944 uon
1244 2891 1330 2942 recte
1346 2877 1547 2960 exposuerit.

218 2974 350 3037 Monuit
371 2974 424 3037 ille
440 2970 500 3035 ibi:
525 2974 609 3045 ,Est
628 2972 709 3035 enim
731 2973 852 3049 coitio,
877 2996 945 3037 cum
965 2975 1108 3038 homines
1124 2984 1365 3059 congregantur
1380 2972 1427 3035 rei
1447 2973 1548 3035 malae

218 3065 454 3149 perficiundae,
479 3067 575 3130 veluti
598 3065 736 3130 tribuum
760 3072 1063 3151 corrumpendarum
1087 3068 1231 3132 sarissa.‘'

305 3160 351 3223 At
373 3162 437 3225 boc
456 3181 520 3223 noc
544 3181 620 3224 vere
644 3161 772 3224 dictum.
819 3164 901 3226 Nam
926 3165 1058 3227 verbum
1075 3162 1235 3227 coitionis
1250 3160 1398 3247 quotiens
1421 3163 1460 3225 de
1481 3182 1548 3223 aru·

217 3254 304 3317 bitus
331 3255 394 3317 reis
421 3266 609 3337 usurpatur,
645 3276 708 3319 nou
736 3256 894 3340 significat
919 3256 1052 3340 aliquam
1079 3256 1263 3321 societatem
1290 3254 1448 3319 candidati
1476 3278 1546 3317 cum

217 3348 380 3413 sodalibus
413 3349 466 3412 vel
500 3348 609 3430 operis
644 3351 876 3431 campestribus
908 3352 949 3414 ad
984 3353 1217 3433 corrumpenda
1253 3351 1364 3434 populi
1392 3349 1546 3433 suffragia

216 3440 346 3518 initam,
360 3464 470 3506 serrum
484 3441 741 3508 coniunctionem
757 3444 913 3507 candidati
924 3466 995 3508 curn
1008 3446 1208 3528 conpetitore
1220 3466 1259 3509 eo
1271 3443 1406 3510 consilio
1417 3443 1545 3518 laetam,

217 3548 253 3601 ut
280 3536 424 3622 reliquos
446 3538 663 3619 conpetitores
689 3540 727 3603 de
751 3540 875 3603 bonore
905 3538 1049 3603 deiciant.
1095 3540 1132 3604 ld
1158 3539 1199 3602 ita
1224 3560 1310 3616 esse,
1346 3559 1410 3602 non
1440 3536 1544 3601 solum

217 3642 359 3696 veterum
388 3630 582 3714 scriptorum
612 3632 695 3707 loci,
733 3632 764 3695 in
792 3633 908 3717 quibus
933 3637 1067 3697 verbum
1093 3633 1164 3697 illut
1190 3645 1390 3717 usurpatum,
1433 3653 1542 3696 rernm

216 3724 286 3809 ipsa
312 3727 423 3802 etiarn,
458 3746 540 3808 quae
567 3724 596 3789 si
621 3729 747 3801 subest,
782 3726 830 3789 vis
853 3727 984 3809 propria
1011 3731 1118 3792 docet.
1162 3729 1243 3792 Nam
1269 3730 1362 3792 coire
1385 3725 1441 3811 qui
1472 3745 1542 3788 cum

217 3820 327 3904 ilique
346 3820 480 3894 dieitur,
503 3840 573 3881 curru
592 3819 699 3902 aliquo
715 3823 753 3883 ad
772 3821 889 3905 aliquid
908 3821 1099 3887 coniunctim
1120 3822 1184 3898 ire,
1209 3821 1326 3908 aliquid
1347 3818 1541 3885 conisruetim

216 3936 288 3981 cnm
309 3936 350 3981 so
370 3926 483 3997 petere
504 3913 704 3998 intelligitur.
751 3916 864 3998 ltaque
886 3917 976 3980 coire
998 3916 1181 3980 candidatus
1203 3939 1274 3981 cum
1293 3916 1457 3981 sodalibus
1479 3933 1544 3976 nou

216 4022 324 4093 potest
346 4010 424 4086 dici,
449 4009 604 4092 siquidem
628 4028 693 4072 uon
719 4030 780 4072 asna
806 4030 875 4072 cstm
899 4010 1063 4075 sodalibus
1087 4011 1205 4096 aliquid
1227 4011 1323 4095 petit,
1347 4020 1398 4096 set
1424 4019 1544 4071 malum

217 4104 247 4168 iu
273 4104 426 4188 petitione
449 4103 491 4166 ab
512 4102 548 4165 iis
568 4103 747 4167 adiuvatur.
793 4102 943 4167 Ceterum
966 4105 1036 4168 ride
1054 4127 1136 4187 quae
1160 4108 1198 4169 ad
1215 4105 1371 4169 rationem
1395 4101 1546 4167 coitionis

217 4197 392 4262 accuratius
418 4196 662 4280 intellegendam
690 4196 721 4261 in
746 4197 873 4262 Comm.
904 4201 942 4261 ad
972 4197 1014 4264 C.
1044 4200 1163 4264 XXII.
1192 4206 1224 4276 §.
1249 4201 1301 4264 53.
1332 4198 1545 4272 dubitabitis,

216 4290 346 4376 inquit,
370 4290 452 4377 quin
474 4290 580 4355 coitio
591 4290 697 4379 fucta
708 4291 754 4357 sit
771 4313 789 4354 a
805 4313 854 4355 me
870 4293 989 4358 monita
1006 4305 1090 4357 saint.
1136 4293 1219 4358 Loci
1236 4306 1358 4369 autem,
1383 4292 1547 4376 inquibus

211 4387 349 4471 'verbtsrn
371 4385 516 4451 cnetmdi
537 4384 762 4471 coitionisque
780 4407 836 4462 eo,
864 4408 930 4470 quo
947 4387 1031 4462 dini,
1055 4408 1149 4451 seusu
1173 4399 1373 4471 usurpatum,
1394 4386 1428 4450 hi
1449 4399 1543 4451 ssent:

216 4500 227 4523 ⁴
300 4479 378 4544 Lis.
401 4481 468 4545 IlI.
489 4480 545 4544 35.
587 4480 805 4567 Deiectisqree
832 4483 962 4546 lronore
980 4505 1045 4565 per
1069 4483 1252 4547 coitionem
1273 4483 1407 4546 duolms
1435 4482 1546 4567 Qrein·

215 4570 276 4635 tiis
297 4606 337 4620 -·
364 4595 580 4658 nequicquam
599 4576 781 4657 splendore
803 4576 894 4641 vitae
911 4597 1017 4658 pares
1038 4575 1247 4641 decemuiros
1267 4589 1362 4640 creat
1382 4585 1448 4639 cet.

301 4663 373 4730 Cic.
396 4688 457 4748 pro
480 4670 594 4735 Plano.
618 4670 660 4737 C.
677 4671 799 4735 XXII.
821 4672 855 4744 §-
870 4670 925 4734 03.
947 4669 1164 4748 dubitabitis,
1189 4671 1317 4756 inquit,
1341 4668 1424 4753 quin
1438 4669 1545 4735 coitio

203 4757 318 4854 facto
336 4758 402 4836 sit,
424 4782 504 4826 cum
523 4764 635 4830 tribua
647 4767 832 4850 plerasque
846 4786 925 4831 eum
939 4764 1052 4831 Plotio
1065 4764 1184 4831 tulerit
1198 4765 1388 4832 Plancius?
1410 4763 1542 4849 quibus·
