3204 5296
225 318 291 385 lll
628 312 779 379 INDEX
800 310 1156 379 FouMuLAuust.

225 432 375 523 bellem
408 455 520 518 bello
550 455 877 534 persequendum
907 447 1132 523 censuerit,
1166 459 1206 510 ut
1233 447 1287 525 is,
1322 447 1391 532 qui
1424 445 1557 513 omnis

226 554 391 614 deorum
431 544 715 627 bominumque
751 544 838 607 iurs
881 562 1008 617 nouo,
1055 537 1259 616 inaudito,
1303 536 1558 623 inexpiabili

225 641 384 706 scelere
405 636 626 719 polluerit,
644 636 884 717 nelsrioque
899 634 1061 716 petrice
1079 652 1121 694 sc
1138 630 1370 713 parricidio
1384 631 1560 697 obstrie-

226 732 356 804 uerit,
379 742 540 810 poenes
562 727 643 790 diis
665 727 986 805 hominibusque
1008 723 1181 787 meritas
1202 724 1455 809 debitasque
1475 743 1561 807 per·

226 822 385 903 solunte
418 819 589 883 Seustui
611 820 791 901 placere,
827 817 868 882 C.
894 815 1081 881 Cassium
1108 835 1276 896 procos.
1300 816 1561 898 provinciam

226 910 386 992 Syrium
408 910 615 984 obtinere,
639 911 698 973 uti
721 910 790 993 qui
811 929 894 971 eom
918 908 1077 991 optimo
1097 909 1189 971 iure
1210 908 1471 989 provinciam
1493 912 1562 974 ob·

226 1000 420 1073 tinuerits
457 1020 626 1085 eumque
657 1023 676 1064 s
713 1002 757 1081 Q.
795 998 955 1063 Marcio
988 997 1144 1080 Crispo
1176 1019 1251 1080 pro
1286 1000 1480 1075 consule,
1518 1000 1563 1066 [a.

226 1093 369 1161 Statio
391 1094 543 1158 Murco
572 1112 648 1175 pro
677 1093 870 1166 consule.
895 1093 940 1154 Λ.
963 1091 1132 1156 Allieno
1154 1092 1314 1177 legito,
1344 1092 1564 1183 exercitos

228 1184 435 1265 occipere.
457 1204 609 1268 eosque
631 1185 667 1248 ei
688 1187 868 1258 trederee
898 1203 1061 1265 cumque
1084 1181 1145 1247 his
1167 1182 1321 1265 copiis,
1345 1196 1383 1247 et
1402 1182 1441 1249 si
1462 1204 1563 1269 ques

225 1287 441 1361 prseteres
467 1278 702 1357 paraverit,
735 1276 851 1338 bello
875 1275 916 1340 Ρ.
945 1276 1206 1341 Dolabellam
1235 1286 1342 1338 torre
1372 1276 1562 1361 merique

225 1368 443 1453 possequi3
480 1368 565 1431 eius
591 1368 696 1430 belli
725 1365 898 1453 gerendi
925 1387 1067 1443 erues,
1106 1366 1253 1450 quibus
1282 1366 1320 1429 ei
1347 1368 1559 1448 videntum

226 1480 365 1536 nares,
399 1469 562 1535 nautas,
597 1460 824 1542 pecuniem,
860 1468 1102 1542 ceteroque,
1138 1479 1240 1543 quse
1269 1458 1558 1523 sdidbellon

43 1591 47 1599 -
181 1586 187 1601 ·
228 1553 442 1638 gerendum
464 1550 723 1632 pertineant,
748 1563 790 1615 ut
811 1551 1034 1633 imperandi
1056 1552 1093 1613 io
1116 1550 1252 1631 Syris,
1277 1550 1390 1625 Asis.
1416 1544 1560 1633 llitltp·

228 1646 310 1720 oir,
333 1645 470 1709 Ponto
492 1642 552 1705 ius
575 1655 905 1725 perennemque
927 1645 1090 1716 bsbest;
1112 1654 1253 1725 utque,
1278 1662 1560 1727 quemcunque

227 1738 268 1802 io
302 1734 558 1818 provinciam
595 1735 683 1798 eius
718 1736 820 1799 belli
857 1734 1029 1819 gerendi
1065 1754 1184 1798 censs
1221 1733 1460 1811 advenerit,
1499 1734 1560 1799 ibi

230 1827 355 1895 sosius
383 1825 595 1908 imperium
618 1824 661 1891 G.
685 1826 836 1903 cassii,
871 1846 1058 1909 procos..
1090 1825 1162 1901 sit,
1198 1847 1310 1907 quem
1338 1824 1429 1889 eius
1457 1826 1560 1903 erit,

229 1918 299 2005 qui
321 1938 400 1983 erm
429 1917 687 2001 provinciam
716 1931 794 1981 tum
825 1917 1051 1992 obtinebit,
1086 1939 1171 1981 cum
1194 1917 1236 1982 C.
1260 1916 1449 1993 Cassius,
1486 1936 1587 1999 pro·

229 2010 421 2084 consule,
457 2008 496 2071 io
525 2030 608 2072 eam
639 2010 892 2092 provinciam
923 2009 1104 2073 vener-its
1141 2012 1291 2095 Regem
1311 2010 1564 2075 Deiotarum

228 2112 382 2185 putrem
416 2112 454 2163 et
482 2121 620 2185 regem
650 2101 894 2165 Deiotarum
928 2101 1081 2175 lilium,
1115 2102 1168 2183 si,
1203 2114 1243 2164 ut
1274 2103 1409 2165 multis
1441 2100 1564 2164 bellis

229 2198 525 2276 saepenumero
551 2194 770 2275 imperium
799 2193 946 2277 populi
970 2194 1137 2261 Romani
1166 2193 1363 2268 iuverint,
1397 2193 1496 2257 item
1519 2191 1564 2258 C.

231 2284 413 2352 Cassium
436 2304 604 2367 procos.
627 2286 764 2367 copiis
785 2286 873 2350 suis
896 2285 1129 2367 opibusque
1150 2286 1372 2361 iuvissent,
1402 2283 1565 2348 eeoeloi

229 2379 470 2463 populoque
494 2379 672 2442 Romano
696 2390 850 2463 grstum
872 2398 963 2443 esso
982 2377 1195 2453 lsctssros3
1232 2379 1407 2463 itemque
1434 2378 1474 2441 si
1502 2398 1564 2441 ce·

161 2492 164 2497 ·
230 2468 314 2535 t-eri
350 2490 491 2553 reges,
528 2471 770 2533 tetrrrebse
806 2472 1084 2555 dynastaeque
1119 2470 1337 2547 fecissent,
1377 2468 1562 2539 senatun

232 2563 507 2645 populumque
535 2564 749 2626 Romanum
777 2582 911 2626 eorum
941 2561 1079 2627 oflicii
1106 2584 1185 2626 oon
1213 2563 1483 2627 immemorem
1504 2562 1563 2627 lu·

230 2666 384 2718 turrem:
416 2653 560 2736 utique
583 2653 624 2718 C.
648 2657 797 2730 Panse,
833 2656 879 2717 A.
903 2654 1085 2729 Hirtius,
1115 2656 1325 2733 eonsrrles,
1356 2658 1466 2719 sltor
1491 2674 1564 2719 sm·

232 2747 354 2820 bove,
377 2745 412 2808 si
434 2745 494 2809 eis
518 2747 745 2822 videretur,
780 2769 825 2811 re
847 2746 1013 2827 publica
1035 2758 1293 2829 reouperstn,
1328 2750 1372 2811 de
1395 2747 1564 2829 provio·

232 2838 308 2900 ciis
330 2838 636 2914 consularibus,
654 2840 903 2921 praetoriis,
921 2841 968 2901 ad
989 2841 1088 2901 bunc
1110 2840 1292 2902 ordinem
1316 2841 1444 2921 primo
1467 2860 1563 2922 quo·

233 2948 312 3012 quo
332 2940 513 3011 tempore
536 2931 739 3005 relerent;
771 2933 929 2994 interes
953 2932 1195 3012 provinciae
1217 2934 1261 2993 ab
1284 2932 1351 3007 iis,
1376 2953 1394 2994 o
1417 2930 1563 3015 quibus

233 3019 489 3096 obtinentur,
536 3024 814 3098 obtineantur,
856 3026 988 3106 quood
1025 3024 1175 3107 cuique
1215 3046 1260 3085 ex
1301 3036 1566 3087 senatuscon-

232 3114 339 3176 sulto
362 3133 594 3176 successum
617 3114 682 3178 sit.
726 3115 871 3196 Philipp.
896 3119 953 3189 ll,
980 3116 1038 3190 12,
1065 3116 1104 3179 29
1127 3138 1220 3199 seqq.
1542 3196 1546 3201 ³

319 3205 400 3281 Sed,
435 3219 470 3268 ut
500 3206 674 3287 aliquando
704 3207 858 3269 sententis
889 3209 1105 3287 complectar,
1144 3207 1187 3270 its
1217 3228 1349 3270 censeo:
1390 3205 1488 3270 Cum
1523 3204 1564 3271 C.

200 3290 385 3371 'Pensm
419 3298 585 3371 consul,
619 3296 860 3378 imperator,
894 3297 1055 3361 initium
1087 3320 1171 3362 oum
1203 3300 1388 3362 hostibus
1411 3296 1563 3361 conili-

234 3390 354 3473 gendi
377 3389 542 3465 lecerit,
574 3410 653 3471 quo
675 3390 841 3469 proelio
864 3389 971 3473 legio
996 3390 1143 3453 Mortis
1168 3390 1400 3454 admirabili
1430 3391 1564 3452 iocre·

234 3479 439 3564 dibilique
471 3481 629 3543 virtute
663 3481 902 3543 libertatem
936 3483 1079 3562 populi
1109 3483 1279 3546 Rosueoi
1312 3478 1561 3555 defenderit,

233 3574 343 3650 quod⁴
367 3571 467 3633 idem
498 3573 684 3655 legiones
715 3573 888 3635 tironum
918 3574 1113 3647 fecerint3
1150 3574 1320 3657 ipseque
1344 3573 1386 3637 C.
1412 3574 1560 3646 Penes,

232 3662 394 3736 consul,
427 3663 669 3745 imperator,
703 3685 783 3726 eum
812 3666 921 3729 inter
953 3666 1080 3727 media
1110 3667 1282 3729 hostium
1311 3665 1391 3728 tels
1423 3683 1563 3726 veres-

232 3762 363 3829 retur,
388 3754 561 3818 voluero
585 3757 808 3837 receperit3
842 3778 1007 3840 curruque
1031 3759 1075 3821 A.
1100 3757 1274 3833 Hirtius,
1305 3756 1468 3831 consul,
1498 3754 1563 3818 ior·

158 3896 167 3927 ¹.
232 3856 420 3925 perator,
445 3847 610 3927 proelio
632 3848 788 3920 audito,
812 3868 854 3909 re
877 3848 1060 3931 cognita,
1089 3847 1326 3911 fortissimo
1349 3857 1565 3929 praestu-

232 3934 477 4019 tissimoque
500 3938 628 4001 snimo
651 3937 872 4001 exercitum
895 3939 1045 4002 castris
1067 3940 1274 4014 eduxerit,
1296 3940 1565 4021 impetumque

233 4027 272 4092 io
301 4029 354 4091 M.
384 4024 601 4093 Antonium
634 4031 946 4112 exercitumque
982 4032 1159 4093 bostium
1193 4032 1358 4104 lecerit,
1395 4030 1565 4115 eiusque

233 4119 379 4199 copies
401 4120 615 4184 occidione
638 4120 864 4196 occiderit,
890 4142 967 4185 suo
989 4124 1177 4185 exercitu
1200 4122 1254 4184 its
1278 4122 1500 4193 incolumi.
1528 4132 1566 4187 ot

233 4229 279 4272 ne
302 4218 417 4272 tunsum
441 4212 593 4294 quidem
617 4211 783 4275 militem
807 4213 1132 4289 desideraverim
1155 4236 1318 4299 cumque
1342 4213 1384 4277 C.
1402 4212 1566 4289 Caesam

234 4320 310 4380 pro
332 4315 544 4382 praetore,
562 4303 801 4384 imperator,
821 4305 998 4367 consilio
1022 4308 1318 4391 diligentiaque
1339 4326 1409 4367 sus
1433 4315 1566 4369 castrt

232 4388 422 4455 feliciter
450 4394 707 4465 defenderit.
743 4397 972 4478 copiasque
999 4400 1195 4474 hostium,
1231 4418 1329 4479 quse
1360 4399 1564 4458 sdesstrs

234 4495 500 4559 secesserant,
536 4485 799 4570 profligarit.
835 4489 1063 4562 occiderit3
1101 4493 1150 4553 ob
1182 4510 1248 4551 ess
1281 4510 1348 4551 res
1383 4499 1563 4551 senatu·

234 4572 474 4638 existimare
497 4587 537 4638 et
559 4577 759 4654 iudicare,
783 4583 918 4641 colum
941 4581 1061 4644 trium
1083 4581 1368 4663 imperatorum
1395 4579 1560 4655 virture.

233 4659 429 4744 imperio,
467 4667 668 4746 oonsilio,
713 4669 939 4753 gravitate,
977 4672 1239 4748 coustantio,
1279 4670 1561 4755 magnitudine
